{"bids": [[11733.49, 0.10634993], [11726.34, 1.897], [11726.3, 2.0], [11725.84, 2.0], [11722.74, 0.793], [11722.02, 4.0], [11719.98, 4.14522482], [11718.5, 4.00616142], [11718.37, 0.04508496], [11716.58, 1.0]], "asks": [[11734.26, 2.0], [11734.27, 0.13499352], [11734.28, 3.86280238], [11734.41, 1.0], [11736.84, 0.19098299], [11736.87, 1.0], [11737.37, 2.0], [11737.84, 2.0], [11739.63, 1.2685], [11741.27, 3.0]], "ts": 1565344528780}
{"bids": [[11733.49, 0.10634993], [11726.34, 1.897], [11726.3, 2.0], [11725.84, 2.0], [11722.74, 0.793], [11722.02, 4.0], [11719.98, 4.14522482], [11718.5, 4.00616142], [11718.37, 0.04508496], [11718.21, 3.40033382]], "asks": [[11734.26, 2.0], [11734.27, 0.13499352], [11734.28, 3.86280238], [11734.41, 1.0], [11736.84, 0.19098299], [11736.87, 1.0], [11737.37, 2.0], [11737.84, 2.0], [11739.63, 1.2685], [11741.27, 3.0]], "ts": 1565344528783}
{"bids": [[11733.49, 0.10634993], [11726.34, 1.897], [11726.3, 2.0], [11725.84, 2.0], [11722.74, 0.793], [11722.02, 4.0], [11719.98, 4.14522482], [11718.5, 4.00616142], [11718.37, 0.04508496], [11718.21, 3.40033382]], "asks": [[11734.26, 2.0], [11734.27, 0.13499352], [11734.28, 3.86280238], [11734.41, 1.0], [11736.84, 0.19098299], [11736.87, 1.0], [11737.37, 2.0], [11737.84, 2.0], [11739.63, 1.2685], [11741.27, 3.0]], "ts": 1565344528784}
{"bids": [[11733.49, 0.10634993], [11726.34, 1.897], [11726.3, 2.0], [11725.84, 2.0], [11722.74, 0.793], [11722.02, 4.0], [11719.98, 4.14522482], [11718.5, 4.00616142], [11718.37, 0.04508496], [11718.21, 3.40033382]], "asks": [[11734.26, 2.0], [11734.27, 0.13499352], [11734.28, 3.86280238], [11734.41, 1.0], [11736.84, 0.19098299], [11736.87, 1.0], [11737.37, 2.0], [11737.84, 2.0], [11739.63, 1.2685]], "ts": 1565344528785}
{"bids": [[11733.49, 0.10634993], [11726.34, 1.897], [11726.3, 2.0], [11725.84, 2.0], [11722.74, 0.793], [11722.02, 4.0], [11719.98, 4.14522482], [11718.5, 4.00616142], [11718.37, 0.04508496], [11718.21, 3.40033382]], "asks": [[11734.26, 2.0], [11734.27, 0.13499352], [11734.28, 3.86280238], [11734.41, 1.0], [11736.84, 0.19098299], [11736.87, 1.0], [11737.37, 2.0], [11737.84, 2.0]], "ts": 1565344528785}
{"bids": [[11733.49, 0.24934993], [11726.34, 1.897], [11726.3, 2.0], [11725.84, 2.0], [11722.74, 0.793], [11722.02, 4.0], [11719.98, 4.14522482], [11718.5, 4.00616142], [11718.37, 0.04508496], [11718.21, 3.40033382]], "asks": [[11734.26, 2.0], [11734.27, 0.13499352], [11734.28, 3.86280238], [11734.41, 1.0], [11736.84, 0.19098299], [11736.87, 1.0], [11737.37, 2.0], [11737.84, 2.0]], "ts": 1565344528786}
{"bids": [[11733.49, 0.24934993], [11726.34, 1.897], [11726.3, 2.0], [11725.84, 2.0], [11722.74, 0.793], [11722.02, 4.0], [11719.98, 4.14522482], [11718.5, 4.00616142], [11718.37, 0.04508496], [11718.21, 3.40033382]], "asks": [[11734.27, 0.13499352], [11734.28, 3.86280238], [11734.41, 1.0], [11736.84, 0.19098299], [11736.87, 1.0], [11737.37, 2.0], [11737.84, 2.0]], "ts": 1565344528786}
{"bids": [[11733.49, 0.24934993], [11726.34, 1.897], [11726.3, 2.0], [11725.84, 2.0], [11722.74, 0.793], [11722.02, 4.0], [11719.98, 4.14522482], [11718.5, 4.00616142], [11718.37, 0.04508496], [11718.21, 3.40033382]], "asks": [[11734.27, 0.13499352], [11734.28, 3.86280238], [11734.41, 1.0], [11736.84, 0.19098299], [11736.87, 1.0], [11737.37, 2.0], [11737.84, 2.0]], "ts": 1565344528787}
{"bids": [[11733.49, 0.24934993], [11726.34, 1.897], [11726.3, 2.0], [11725.84, 2.0], [11722.74, 0.793], [11722.02, 4.0], [11719.98, 4.14522482], [11718.5, 4.00616142], [11718.37, 0.04508496], [11718.21, 3.40033382]], "asks": [[11734.27, 0.13499352], [11734.28, 3.86280238], [11734.41, 1.0], [11736.84, 0.19098299], [11736.87, 1.0], [11737.37, 2.0], [11737.84, 2.0], [11776.63, 3.95]], "ts": 1565344528787}
{"bids": [[11733.49, 0.24934993], [11726.34, 1.897], [11726.3, 2.0], [11725.84, 2.0], [11722.74, 0.793], [11722.02, 4.0], [11719.98, 4.14522482], [11719.42, 1.0], [11718.5, 4.00616142], [11718.37, 0.04508496]], "asks": [[11734.27, 0.13499352], [11734.28, 3.86280238], [11734.41, 1.0], [11736.84, 0.19098299], [11736.87, 1.0], [11737.37, 2.0], [11737.84, 2.0], [11776.63, 3.95]], "ts": 1565344528788}
{"bids": [[11733.49, 0.24934993], [11726.34, 1.897], [11726.3, 2.0], [11725.84, 2.0], [11722.74, 0.793], [11722.02, 4.0], [11719.98, 4.14522482], [11719.42, 1.0], [11718.5, 4.00616142], [11718.37, 0.04508496]], "asks": [[11734.27, 0.13499352], [11734.28, 3.86280238], [11734.41, 1.0], [11736.84, 0.19098299], [11736.87, 1.0], [11737.37, 2.0], [11737.84, 2.0], [11741.23, 1.2649], [11776.63, 3.95]], "ts": 1565344528788}
{"bids": [[11733.49, 0.24934993], [11726.34, 1.897], [11726.3, 2.0], [11725.84, 2.0], [11722.74, 0.793], [11722.02, 4.0], [11719.98, 4.14522482], [11719.42, 1.0], [11718.5, 4.00616142], [11718.37, 0.04508496]], "asks": [[11734.27, 0.13499352], [11734.28, 3.86280238], [11734.41, 1.0], [11736.84, 0.19098299], [11736.87, 1.0], [11737.37, 2.0], [11737.84, 2.0], [11741.23, 1.2649], [11776.63, 3.95]], "ts": 1565344528789}
{"bids": [[11733.49, 0.24934993], [11726.34, 1.897], [11726.3, 2.0], [11725.84, 2.0], [11722.74, 0.793], [11722.02, 4.0], [11719.98, 4.14522482], [11719.42, 1.0], [11718.5, 4.00616142], [11718.37, 0.04508496]], "asks": [[11734.26, 2.0], [11734.27, 0.13499352], [11734.28, 3.86280238], [11734.41, 1.0], [11736.84, 0.19098299], [11736.87, 1.0], [11737.37, 2.0], [11737.84, 2.0], [11741.23, 1.2649], [11776.63, 3.95]], "ts": 1565344528789}
{"bids": [[11733.49, 0.10634993], [11726.34, 1.897], [11726.3, 2.0], [11725.84, 2.0], [11722.74, 0.793], [11722.02, 4.0], [11719.98, 4.14522482], [11719.42, 1.0], [11718.5, 4.00616142], [11718.37, 0.04508496]], "asks": [[11734.26, 2.0], [11734.27, 0.13499352], [11734.28, 3.86280238], [11734.41, 1.0], [11736.84, 0.19098299], [11736.87, 1.0], [11737.37, 2.0], [11737.84, 2.0], [11741.23, 1.2649], [11776.63, 3.95]], "ts": 1565344528790}
{"bids": [[11733.49, 0.10634993], [11726.34, 1.897], [11726.3, 2.0], [11725.84, 2.0], [11722.74, 0.793], [11722.02, 4.0], [11719.98, 4.14522482], [11719.42, 1.0], [11718.5, 4.00616142], [11718.37, 0.04508496]], "asks": [[11734.26, 2.0], [11734.27, 0.13499352], [11734.28, 3.86280238], [11734.41, 1.0], [11736.84, 0.19098299], [11736.87, 1.0], [11737.37, 2.0], [11737.84, 2.0], [11741.23, 1.2649], [11776.63, 3.95]], "ts": 1565344528791}
{"bids": [[11733.49, 0.10634993], [11726.34, 0.629], [11726.3, 2.0], [11725.84, 2.0], [11722.74, 0.793], [11722.02, 4.0], [11719.98, 4.14522482], [11719.42, 1.0], [11718.5, 4.00616142], [11718.37, 0.04508496]], "asks": [[11734.26, 2.0], [11734.27, 0.13499352], [11734.28, 3.86280238], [11734.41, 1.0], [11736.84, 0.19098299], [11736.87, 1.0], [11737.37, 2.0], [11737.84, 2.0], [11741.23, 1.2649], [11776.63, 3.95]], "ts": 1565344528791}
{"bids": [[11733.49, 0.10634993], [11726.34, 1.9069], [11726.3, 2.0], [11725.84, 2.0], [11722.74, 0.793], [11722.02, 4.0], [11719.98, 4.14522482], [11719.42, 1.0], [11718.5, 4.00616142], [11718.37, 0.04508496]], "asks": [[11734.26, 2.0], [11734.27, 0.13499352], [11734.28, 3.86280238], [11734.41, 1.0], [11736.84, 0.19098299], [11736.87, 1.0], [11737.37, 2.0], [11737.84, 2.0], [11741.23, 1.2649], [11776.63, 3.95]], "ts": 1565344528792}
{"bids": [[11733.49, 0.10634993], [11726.34, 1.9069], [11726.3, 2.0], [11725.84, 2.0], [11722.74, 0.793], [11722.02, 4.0], [11719.98, 4.14522482], [11719.42, 1.0], [11718.5, 4.00616142], [11718.37, 0.04508496]], "asks": [[11734.26, 2.0], [11734.27, 0.13499352], [11734.28, 3.86280238], [11734.41, 1.0], [11736.84, 0.19098299], [11736.87, 1.0], [11737.37, 2.0], [11737.84, 2.0], [11741.23, 1.2649], [11776.63, 3.95]], "ts": 1565344528792}
{"bids": [[11733.49, 0.10634993], [11726.34, 1.9069], [11726.3, 2.0], [11725.84, 2.0], [11722.74, 0.793], [11722.02, 4.0], [11719.98, 4.14522482], [11719.42, 1.0], [11718.5, 4.00616142], [11718.37, 0.04508496]], "asks": [[11734.26, 2.0], [11734.27, 0.13499352], [11734.28, 3.86280238], [11734.41, 1.0], [11736.84, 0.19098299], [11736.87, 1.0], [11737.37, 2.0], [11737.84, 2.0], [11741.23, 1.2649], [11776.63, 3.95]], "ts": 1565344528793}
{"bids": [[11733.49, 0.10634993], [11726.34, 1.9069], [11726.3, 2.0], [11725.84, 2.0], [11722.74, 0.793], [11722.02, 4.0], [11719.98, 4.14522482], [11719.42, 1.0], [11718.5, 4.00616142], [11718.37, 0.04508496]], "asks": [[11734.26, 2.0], [11734.27, 0.13499352], [11734.28, 3.86280238], [11734.41, 1.0], [11736.84, 0.19098299], [11736.87, 1.0], [11737.37, 2.0], [11737.84, 2.0], [11741.23, 1.2649], [11776.63, 3.95]], "ts": 1565344528793}
{"bids": [[11733.49, 0.10634993], [11726.34, 1.9069], [11726.3, 2.0], [11725.84, 2.0], [11722.74, 0.793], [11722.02, 4.0], [11719.98, 4.14522482], [11719.42, 1.0], [11718.5, 4.00616142], [11718.37, 0.04508496]], "asks": [[11734.26, 2.0], [11734.27, 0.13499352], [11734.28, 3.86280238], [11734.41, 1.0], [11736.84, 0.19098299], [11736.87, 1.0], [11737.37, 2.0], [11737.84, 2.0], [11741.23, 1.2649], [11776.63, 3.95]], "ts": 1565344528794}
{"bids": [[11733.49, 0.10634993], [11726.34, 0.629], [11726.3, 2.0], [11725.84, 2.0], [11722.74, 0.793], [11722.02, 4.0], [11719.98, 4.14522482], [11719.42, 1.0], [11718.5, 4.00616142], [11718.37, 0.04508496]], "asks": [[11734.26, 2.0], [11734.27, 0.13499352], [11734.28, 3.86280238], [11734.41, 1.0], [11736.84, 0.19098299], [11736.87, 1.0], [11737.37, 2.0], [11737.84, 2.0], [11741.23, 1.2649], [11776.63, 3.95]], "ts": 1565344528794}
{"bids": [[11733.49, 0.10634993], [11726.34, 0.629], [11726.3, 2.0], [11725.84, 2.0], [11725.43, 1.2646], [11722.74, 0.793], [11722.02, 4.0], [11719.98, 4.14522482], [11719.42, 1.0], [11718.5, 4.00616142]], "asks": [[11734.26, 2.0], [11734.27, 0.13499352], [11734.28, 3.86280238], [11734.41, 1.0], [11736.84, 0.19098299], [11736.87, 1.0], [11737.37, 2.0], [11737.84, 2.0], [11741.23, 1.2649], [11776.63, 3.95]], "ts": 1565344528795}
{"bids": [[11733.49, 0.10634993], [11726.34, 0.629], [11726.3, 2.0], [11725.84, 2.0], [11725.43, 1.2646], [11722.74, 0.793], [11722.02, 4.0], [11719.98, 4.14522482], [11719.42, 1.0], [11718.5, 4.00616142]], "asks": [[11734.26, 2.0], [11734.27, 0.13499352], [11734.28, 3.86280238], [11734.41, 1.0], [11736.84, 0.19098299], [11736.87, 1.0], [11737.37, 2.0], [11737.84, 2.0], [11776.63, 3.95]], "ts": 1565344528795}
{"bids": [[11733.49, 0.10634993], [11726.34, 0.629], [11726.3, 2.0], [11725.84, 2.0], [11725.43, 1.2646], [11722.74, 0.793], [11722.02, 4.0], [11719.98, 4.14522482], [11719.42, 1.0], [11718.5, 4.00616142]], "asks": [[11734.26, 2.0], [11734.27, 0.13499352], [11734.28, 3.86280238], [11734.41, 1.0], [11736.84, 0.19098299], [11736.87, 1.0], [11737.37, 2.0], [11737.53, 1.2632], [11737.84, 2.0], [11776.63, 3.95]], "ts": 1565344528796}
{"bids": [[11733.49, 0.10634993], [11726.34, 0.629], [11726.3, 2.0], [11725.84, 2.0], [11725.43, 1.2646], [11722.74, 0.793], [11722.02, 4.0], [11719.98, 4.14522482], [11719.42, 1.0], [11718.5, 4.00616142]], "asks": [[11734.26, 2.0], [11734.27, 0.13499352], [11734.28, 3.86280238], [11734.41, 1.0], [11736.84, 0.19098299], [11736.87, 1.0], [11737.37, 2.0], [11737.53, 1.2632], [11737.84, 2.0], [11776.63, 3.95]], "ts": 1565344528796}
{"bids": [[11733.49, 0.10634993], [11726.34, 0.629], [11726.3, 2.0], [11725.84, 2.0], [11725.43, 1.2646], [11722.74, 0.793], [11722.02, 4.0], [11719.98, 4.14522482], [11719.42, 1.0], [11718.5, 4.00616142]], "asks": [[11734.26, 2.0], [11734.27, 0.13499352], [11734.28, 3.86280238], [11734.41, 1.0], [11736.84, 0.19098299], [11736.87, 1.0], [11737.37, 2.0], [11737.53, 1.2632], [11737.84, 2.0], [11776.63, 3.95]], "ts": 1565344528797}
{"bids": [[11733.49, 0.10634993], [11726.34, 0.629], [11726.3, 2.0], [11725.84, 2.0], [11725.43, 1.2646], [11722.74, 0.793], [11722.02, 4.0], [11719.98, 4.14522482], [11719.42, 1.0], [11718.5, 4.00616142]], "asks": [[11734.26, 2.0], [11734.27, 0.13499352], [11734.28, 3.86280238], [11734.41, 1.0], [11736.84, 0.19098299], [11736.87, 1.0], [11737.37, 2.0], [11737.53, 1.2632], [11737.84, 2.0], [11776.63, 3.95]], "ts": 1565344528798}
{"bids": [[11733.49, 0.10634993], [11726.34, 0.629], [11726.3, 2.0], [11725.84, 2.0], [11725.43, 1.2646], [11722.74, 0.793], [11722.02, 4.0], [11719.98, 4.14522482], [11719.42, 1.0], [11718.5, 4.00616142]], "asks": [[11734.27, 0.13499352], [11734.28, 3.86280238], [11734.41, 1.0], [11736.84, 0.19098299], [11736.87, 1.0], [11737.37, 2.0], [11737.53, 1.2632], [11737.84, 2.0], [11776.63, 3.95]], "ts": 1565344528798}
{"bids": [[11733.49, 0.10634993], [11726.34, 0.629], [11726.3, 2.0], [11725.84, 2.0], [11725.43, 1.2646], [11722.74, 0.793], [11722.02, 4.0], [11719.98, 4.14522482], [11719.42, 1.0], [11718.5, 4.00616142]], "asks": [[11734.27, 0.13499352], [11734.28, 3.86280238], [11734.41, 1.0], [11736.84, 0.19098299], [11736.87, 1.0], [11737.37, 2.0], [11737.84, 2.0], [11776.63, 3.95]], "ts": 1565344528799}
{"bids": [[11733.49, 0.10634993], [11726.34, 0.629], [11726.3, 2.0], [11725.84, 2.0], [11722.74, 0.793], [11722.02, 4.0], [11719.98, 4.14522482], [11719.42, 1.0], [11718.5, 4.00616142]], "asks": [[11734.27, 0.13499352], [11734.28, 3.86280238], [11734.41, 1.0], [11736.84, 0.19098299], [11736.87, 1.0], [11737.37, 2.0], [11737.84, 2.0], [11776.63, 3.95]], "ts": 1565344528799}
{"bids": [[11733.49, 0.10634993], [11726.34, 1.9057], [11726.3, 2.0], [11725.84, 2.0], [11722.74, 0.793], [11722.02, 4.0], [11719.98, 4.14522482], [11719.42, 1.0], [11718.5, 4.00616142]], "asks": [[11734.27, 0.13499352], [11734.28, 3.86280238], [11734.41, 1.0], [11736.84, 0.19098299], [11736.87, 1.0], [11737.37, 2.0], [11737.84, 2.0], [11776.63, 3.95]], "ts": 1565344528800}
{"bids": [[11733.49, 0.10634993], [11726.34, 1.9057], [11726.3, 2.0], [11725.84, 2.0], [11722.74, 0.793], [11722.02, 4.0], [11719.98, 4.14522482], [11719.42, 1.0], [11718.5, 4.00616142]], "asks": [[11734.27, 0.13499352], [11734.28, 3.86280238], [11734.41, 1.0], [11736.84, 0.19098299], [11736.87, 1.0], [11737.37, 2.0], [11737.84, 2.0], [11739.63, 1.2691], [11776.63, 3.95]], "ts": 1565344528800}
{"bids": [[11733.49, 0.10634993], [11726.34, 1.9057], [11726.3, 2.0], [11725.84, 2.0], [11722.74, 0.793], [11722.02, 4.0], [11719.98, 4.14522482], [11719.42, 1.0], [11718.5, 4.00616142], [11606.39, 6.2633]], "asks": [[11734.27, 0.13499352], [11734.28, 3.86280238], [11734.41, 1.0], [11736.84, 0.19098299], [11736.87, 1.0], [11737.37, 2.0], [11737.84, 2.0], [11739.63, 1.2691], [11776.63, 3.95]], "ts": 1565344528801}
{"bids": [[11733.49, 0.10634993], [11726.34, 1.9057], [11726.3, 2.0], [11725.84, 2.0], [11722.74, 0.793], [11722.02, 4.0], [11719.98, 4.14522482], [11719.42, 1.0], [11718.5, 4.00616142], [11623.42, 10.3018]], "asks": [[11734.27, 0.13499352], [11734.28, 3.86280238], [11734.41, 1.0], [11736.84, 0.19098299], [11736.87, 1.0], [11737.37, 2.0], [11737.84, 2.0], [11739.63, 1.2691], [11776.63, 3.95]], "ts": 1565344528801}
{"bids": [[11733.49, 0.10634993], [11726.34, 0.629], [11726.3, 2.0], [11725.84, 2.0], [11722.74, 0.793], [11722.02, 4.0], [11719.98, 4.14522482], [11719.42, 1.0], [11718.5, 4.00616142], [11623.42, 10.3018]], "asks": [[11734.27, 0.13499352], [11734.28, 3.86280238], [11734.41, 1.0], [11736.84, 0.19098299], [11736.87, 1.0], [11737.37, 2.0], [11737.84, 2.0], [11739.63, 1.2691], [11776.63, 3.95]], "ts": 1565344528802}
{"bids": [[11733.5, 2.0], [11733.49, 0.10634993], [11726.34, 0.629], [11726.3, 2.0], [11725.84, 2.0], [11722.74, 0.793], [11722.02, 4.0], [11719.98, 4.14522482], [11719.42, 1.0], [11718.5, 4.00616142]], "asks": [[11734.27, 0.13499352], [11734.28, 3.86280238], [11734.41, 1.0], [11736.84, 0.19098299], [11736.87, 1.0], [11737.37, 2.0], [11737.84, 2.0], [11739.63, 1.2691], [11776.63, 3.95]], "ts": 1565344528802}
{"bids": [[11733.5, 2.0], [11733.49, 0.10634993], [11726.34, 0.629], [11726.3, 2.0], [11725.84, 2.0], [11722.74, 0.793], [11722.02, 4.0], [11719.98, 4.14522482], [11719.42, 1.0], [11718.5, 4.00616142]], "asks": [[11734.27, 0.06749676], [11734.28, 3.86280238], [11734.41, 1.0], [11736.84, 0.19098299], [11736.87, 1.0], [11737.37, 2.0], [11737.84, 2.0], [11739.63, 1.2691], [11776.63, 3.95]], "ts": 1565344528803}
{"bids": [[11733.5, 2.0], [11733.49, 0.10634993], [11726.34, 0.629], [11726.3, 2.0], [11725.84, 2.0], [11722.74, 0.793], [11722.02, 4.0], [11719.98, 4.14522482], [11719.42, 1.0], [11718.5, 4.00616142]], "asks": [[11734.27, 0.06749676], [11734.28, 3.86280238], [11734.41, 1.0], [11736.84, 0.19098299], [11736.87, 1.0], [11737.37, 2.0], [11737.84, 2.0], [11739.63, 1.2691], [11776.63, 3.95]], "ts": 1565344528803}
{"bids": [[11733.5, 2.0], [11733.49, 0.10634993], [11726.34, 0.629], [11726.3, 2.0], [11725.84, 2.0], [11722.74, 0.793], [11722.02, 4.0], [11719.98, 4.14522482], [11719.42, 1.0], [11718.5, 4.00616142]], "asks": [[11734.27, 0.06749676], [11734.28, 3.86280238], [11734.41, 1.0], [11736.84, 0.19098299], [11736.87, 1.0], [11737.37, 2.0], [11737.84, 2.0], [11739.63, 1.2691], [11776.63, 3.95]], "ts": 1565344528804}
{"bids": [[11733.5, 2.0], [11733.49, 0.10634993], [11726.34, 0.629], [11726.3, 2.0], [11725.84, 2.0], [11722.74, 0.793], [11722.02, 4.0], [11721.79, 3.40033382], [11719.98, 4.14522482], [11719.42, 1.0]], "asks": [[11734.27, 0.06749676], [11734.28, 3.86280238], [11734.41, 1.0], [11736.84, 0.19098299], [11736.87, 1.0], [11737.37, 2.0], [11737.84, 2.0], [11739.63, 1.2691], [11776.63, 3.95]], "ts": 1565344528804}
{"bids": [[11733.5, 2.0], [11733.49, 0.10634993], [11726.34, 0.629], [11726.3, 2.0], [11725.84, 2.0], [11722.74, 0.793], [11722.02, 4.0], [11721.79, 3.40033382], [11719.98, 4.14522482], [11719.42, 1.0]], "asks": [[11734.27, 0.06749676], [11734.28, 3.86280238], [11734.41, 1.0], [11736.84, 0.19098299], [11736.87, 1.0], [11737.37, 2.0], [11737.84, 2.0], [11739.63, 1.2691], [11776.63, 3.95]], "ts": 1565344528805}
{"bids": [[11733.5, 2.0], [11733.49, 0.10634993], [11726.34, 0.629], [11726.3, 2.0], [11725.84, 2.0], [11722.74, 0.793], [11722.02, 4.0], [11721.79, 3.40033382], [11719.98, 4.14522482], [11719.42, 1.0]], "asks": [[11734.28, 3.86280238], [11734.41, 1.0], [11736.84, 0.19098299], [11736.87, 1.0], [11737.37, 2.0], [11737.84, 2.0], [11739.63, 1.2691], [11776.63, 3.95]], "ts": 1565344528805}
{"bids": [[11733.5, 2.0], [11733.49, 0.10634993], [11726.34, 0.629], [11726.3, 2.0], [11725.84, 2.0], [11722.74, 0.793], [11722.02, 4.0], [11721.79, 3.40033382], [11719.98, 4.14522482], [11719.42, 1.0]], "asks": [[11734.27, 0.06749682], [11734.28, 3.86280238], [11734.41, 1.0], [11736.84, 0.19098299], [11736.87, 1.0], [11737.37, 2.0], [11737.84, 2.0], [11739.63, 1.2691], [11776.63, 3.95]], "ts": 1565344528806}
{"bids": [[11733.5, 2.0], [11733.49, 0.10634993], [11726.34, 0.629], [11726.3, 2.0], [11725.84, 2.0], [11722.74, 0.793], [11722.02, 4.0], [11721.79, 3.40033382], [11719.98, 4.14522482], [11719.42, 1.0]], "asks": [[11734.26, 0.06749685], [11734.27, 0.06749682], [11734.28, 3.86280238], [11734.41, 1.0], [11736.84, 0.19098299], [11736.87, 1.0], [11737.37, 2.0], [11737.84, 2.0], [11739.63, 1.2691], [11776.63, 3.95]], "ts": 1565344528806}
{"bids": [[11733.5, 2.0], [11733.49, 0.10634993], [11726.34, 1.8936], [11726.3, 2.0], [11725.84, 2.0], [11722.74, 0.793], [11722.02, 4.0], [11721.79, 3.40033382], [11719.98, 4.14522482], [11719.42, 1.0]], "asks": [[11734.26, 0.06749685], [11734.27, 0.06749682], [11734.28, 3.86280238], [11734.41, 1.0], [11736.84, 0.19098299], [11736.87, 1.0], [11737.37, 2.0], [11737.84, 2.0], [11739.63, 1.2691], [11776.63, 3.95]], "ts": 1565344528807}
{"bids": [[11733.5, 2.0], [11733.49, 0.10634993], [11726.34, 1.8936], [11726.3, 2.0], [11725.84, 2.0], [11722.74, 0.793], [11722.02, 4.0], [11721.79, 3.40033382], [11719.98, 4.14522482], [11719.42, 1.0]], "asks": [[11734.26, 0.06749685], [11734.27, 0.06749682], [11734.28, 3.86280238], [11734.41, 1.0], [11736.84, 0.19098299], [11736.87, 1.0], [11737.37, 2.0], [11737.84, 2.0], [11739.63, 1.2691], [11776.63, 3.95]], "ts": 1565344528807}
{"bids": [[11733.5, 2.0], [11733.49, 0.10634993], [11726.34, 1.8936], [11726.3, 2.0], [11725.84, 2.0], [11722.74, 0.793], [11722.02, 4.0], [11721.79, 3.40033382], [11719.98, 4.14522482], [11719.42, 1.0]], "asks": [[11734.26, 0.06749685], [11734.27, 0.06749682], [11734.28, 3.86280238], [11734.41, 1.0], [11736.84, 0.19098299], [11736.87, 1.0], [11737.37, 2.0], [11737.84, 2.0], [11776.63, 3.95]], "ts": 1565344529180}
{"bids": [[11733.5, 2.0], [11733.49, 0.10634993], [11726.34, 1.8936], [11726.3, 2.0], [11725.84, 2.0], [11722.74, 0.793], [11722.02, 4.0], [11721.79, 3.40033382], [11719.98, 4.14522482], [11719.42, 1.0]], "asks": [[11734.26, 0.06749685], [11734.27, 0.06749682], [11734.28, 3.86280238], [11734.41, 1.0], [11736.84, 0.19098299], [11736.87, 1.0], [11737.37, 2.0], [11737.84, 2.0], [11740.73, 1.2738], [11776.63, 3.95]], "ts": 1565344529190}
{"bids": [[11733.5, 2.0], [11733.49, 0.10634993], [11726.34, 1.8936], [11726.3, 2.0], [11725.84, 2.0], [11722.74, 0.793], [11722.02, 4.0], [11721.79, 3.40033382], [11719.98, 4.14522482], [11719.42, 1.0]], "asks": [[11734.26, 0.06749685], [11734.27, 0.06749682], [11734.28, 3.86280238], [11734.41, 1.0], [11736.84, 0.19098299], [11736.87, 1.0], [11737.37, 2.0], [11737.84, 2.0], [11740.73, 1.2738], [11776.63, 3.95]], "ts": 1565344529686}
{"bids": [[11733.5, 2.0], [11733.49, 0.10634993], [11726.34, 1.8936], [11726.3, 2.0], [11722.74, 0.793], [11722.02, 4.0], [11721.79, 3.40033382], [11719.98, 4.14522482], [11719.42, 1.0]], "asks": [[11734.26, 0.06749685], [11734.27, 0.06749682], [11734.28, 3.86280238], [11734.41, 1.0], [11736.84, 0.19098299], [11736.87, 1.0], [11737.37, 2.0], [11737.84, 2.0], [11740.73, 1.2738], [11776.63, 3.95]], "ts": 1565344529924}
{"bids": [[11733.5, 2.0], [11733.49, 0.10634993], [11726.34, 1.8936], [11726.3, 2.0], [11722.74, 0.793], [11722.02, 4.0], [11721.79, 3.40033382], [11719.98, 4.14522482], [11719.42, 1.0]], "asks": [[11734.26, 0.06749685], [11734.27, 0.06749682], [11734.28, 3.86280238], [11734.41, 1.0], [11736.84, 0.19098299], [11736.87, 1.0], [11737.84, 2.0], [11740.73, 1.2738], [11776.63, 3.95]], "ts": 1565344529940}
{"bids": [[11733.5, 2.0], [11733.49, 0.10634993], [11726.34, 1.8936], [11722.74, 0.793], [11722.02, 4.0], [11721.79, 3.40033382], [11719.98, 4.14522482], [11719.42, 1.0]], "asks": [[11734.26, 0.06749685], [11734.27, 0.06749682], [11734.28, 3.86280238], [11734.41, 1.0], [11736.84, 0.19098299], [11736.87, 1.0], [11737.84, 2.0], [11740.73, 1.2738], [11776.63, 3.95]], "ts": 1565344529941}
{"bids": [[11733.5, 2.0], [11733.49, 0.10634993], [11726.34, 1.8936], [11722.74, 0.793], [11722.02, 4.0], [11721.79, 3.40033382], [11719.98, 4.14522482], [11719.42, 1.0]], "asks": [[11734.26, 0.06749685], [11734.27, 0.06749682], [11734.28, 3.86280238], [11734.41, 1.0], [11736.84, 0.19098299], [11736.87, 1.0], [11740.73, 1.2738], [11776.63, 3.95]], "ts": 1565344529942}
{"bids": [[11733.5, 2.0], [11733.49, 0.10634993], [11727.87, 2.0], [11726.34, 1.8936], [11722.74, 0.793], [11722.02, 4.0], [11721.79, 3.40033382], [11719.98, 4.14522482], [11719.42, 1.0]], "asks": [[11734.26, 0.06749685], [11734.27, 0.06749682], [11734.28, 3.86280238], [11734.41, 1.0], [11736.84, 0.19098299], [11736.87, 1.0], [11740.73, 1.2738], [11776.63, 3.95]], "ts": 1565344529951}
{"bids": [[11733.5, 2.0], [11733.49, 0.10634993], [11728.26, 2.0], [11727.87, 2.0], [11726.34, 1.8936], [11722.74, 0.793], [11722.02, 4.0], [11721.79, 3.40033382], [11719.98, 4.14522482], [11719.42, 1.0]], "asks": [[11734.26, 0.06749685], [11734.27, 0.06749682], [11734.28, 3.86280238], [11734.41, 1.0], [11736.84, 0.19098299], [11736.87, 1.0], [11740.73, 1.2738], [11776.63, 3.95]], "ts": 1565344529965}
{"bids": [[11733.5, 2.0], [11733.49, 0.10634993], [11728.26, 2.0], [11727.87, 2.0], [11726.34, 1.8936], [11722.74, 0.793], [11722.02, 4.0], [11721.79, 3.40033382], [11719.98, 4.14522482], [11719.42, 1.0]], "asks": [[11734.26, 0.06749685], [11734.27, 0.06749682], [11734.28, 3.86280238], [11734.41, 1.0], [11736.84, 0.19098299], [11736.87, 1.0], [11739.4, 2.0], [11740.73, 1.2738], [11776.63, 3.95]], "ts": 1565344529966}
{"bids": [[11733.5, 2.0], [11733.49, 0.10634993], [11728.26, 2.0], [11727.87, 2.0], [11726.34, 1.8936], [11722.74, 0.793], [11722.02, 4.0], [11721.79, 3.40033382], [11719.98, 4.14522482], [11719.42, 1.0]], "asks": [[11734.26, 0.06749685], [11734.27, 0.06749682], [11734.28, 3.86280238], [11734.41, 1.0], [11736.84, 0.19098299], [11736.87, 1.0], [11739.4, 2.0], [11739.8, 2.0], [11740.73, 1.2738], [11776.63, 3.95]], "ts": 1565344529966}
{"bids": [[11733.5, 2.0], [11733.49, 0.10634993], [11728.26, 2.0], [11727.87, 2.0], [11726.34, 1.8936], [11722.74, 0.793], [11722.02, 4.0], [11721.79, 3.40033382], [11719.98, 4.14522482], [11719.42, 1.0]], "asks": [[11734.26, 0.06749685], [11734.28, 3.86280238], [11734.41, 1.0], [11736.84, 0.19098299], [11736.87, 1.0], [11739.4, 2.0], [11739.8, 2.0], [11740.73, 1.2738], [11776.63, 3.95]], "ts": 1565344529971}
{"bids": [[11733.5, 2.0], [11733.49, 0.10634993], [11728.26, 2.0], [11727.87, 2.0], [11726.34, 1.8936], [11722.74, 0.793], [11722.02, 4.0], [11721.79, 3.40033382], [11719.98, 4.14522482], [11719.42, 1.0]], "asks": [[11734.26, 0.06749685], [11734.28, 3.86280238], [11734.4, 0.06749685], [11734.41, 1.0], [11736.84, 0.19098299], [11736.87, 1.0], [11739.4, 2.0], [11739.8, 2.0], [11740.73, 1.2738], [11776.63, 3.95]], "ts": 1565344529972}
{"bids": [[11733.5, 2.0], [11733.49, 0.10634993], [11728.26, 2.0], [11727.87, 2.0], [11726.34, 1.8936], [11722.74, 0.793], [11722.02, 4.0], [11721.79, 3.40033382], [11719.98, 4.14522482], [11719.42, 1.0]], "asks": [[11734.26, 0.06749685], [11734.28, 3.86280238], [11734.41, 1.0], [11736.84, 0.19098299], [11736.87, 1.0], [11739.4, 2.0], [11739.8, 2.0], [11740.73, 1.2738], [11776.63, 3.95]], "ts": 1565344529972}
{"bids": [[11733.5, 2.0], [11733.49, 0.10634993], [11728.26, 2.0], [11726.34, 1.8936], [11722.74, 0.793], [11722.02, 4.0], [11721.79, 3.40033382], [11719.98, 4.14522482], [11719.42, 1.0]], "asks": [[11734.26, 0.06749685], [11734.28, 3.86280238], [11734.41, 1.0], [11736.84, 0.19098299], [11736.87, 1.0], [11739.4, 2.0], [11739.8, 2.0], [11740.73, 1.2738], [11776.63, 3.95]], "ts": 1565344530059}
{"bids": [[11733.5, 2.0], [11733.49, 0.10634993], [11728.26, 2.0], [11726.34, 1.8936], [11722.74, 0.793], [11722.02, 4.0], [11721.79, 3.40033382], [11719.98, 4.14522482], [11719.42, 1.0]], "asks": [[11734.26, 0.06749685], [11734.28, 3.86280238], [11734.41, 1.0], [11736.84, 0.19098299], [11736.87, 1.0], [11739.8, 2.0], [11740.73, 1.2738], [11776.63, 3.95]], "ts": 1565344530074}
{"bids": [[11733.5, 2.0], [11733.49, 0.10634993], [11728.26, 2.0], [11726.34, 1.8936], [11722.74, 0.793], [11722.02, 4.0], [11721.79, 3.40033382], [11719.98, 4.14522482], [11719.42, 1.0]], "asks": [[11734.25, 0.06749685], [11734.26, 0.06749685], [11734.28, 3.86280238], [11734.41, 1.0], [11736.84, 0.19098299], [11736.87, 1.0], [11739.8, 2.0], [11740.73, 1.2738], [11776.63, 3.95]], "ts": 1565344530074}
{"bids": [[11733.5, 2.0], [11733.49, 0.10634993], [11726.34, 1.8936], [11722.74, 0.793], [11722.02, 4.0], [11721.79, 3.40033382], [11719.98, 4.14522482], [11719.42, 1.0]], "asks": [[11734.25, 0.06749685], [11734.26, 0.06749685], [11734.28, 3.86280238], [11734.41, 1.0], [11736.84, 0.19098299], [11736.87, 1.0], [11739.8, 2.0], [11740.73, 1.2738], [11776.63, 3.95]], "ts": 1565344530075}
{"bids": [[11733.5, 2.0], [11733.49, 0.10634993], [11726.34, 1.8936], [11722.74, 0.793], [11722.02, 4.0], [11721.79, 3.40033382], [11719.98, 4.14522482], [11719.42, 1.0]], "asks": [[11734.25, 0.06749685], [11734.26, 0.06749685], [11734.28, 3.86280238], [11734.41, 1.0], [11736.84, 0.19098299], [11736.87, 1.0], [11740.73, 1.2738], [11776.63, 3.95]], "ts": 1565344530076}
{"bids": [[11733.5, 2.0], [11733.49, 0.10634993], [11729.36, 2.0], [11726.34, 1.8936], [11722.74, 0.793], [11722.02, 4.0], [11721.79, 3.40033382], [11719.98, 4.14522482], [11719.42, 1.0]], "asks": [[11734.25, 0.06749685], [11734.26, 0.06749685], [11734.28, 3.86280238], [11734.41, 1.0], [11736.84, 0.19098299], [11736.87, 1.0], [11740.73, 1.2738], [11776.63, 3.95]], "ts": 1565344530076}
{"bids": [[11733.5, 2.0], [11733.49, 0.10634993], [11729.36, 2.0], [11726.34, 1.8936], [11722.74, 0.793], [11722.02, 4.0], [11721.79, 3.40033382], [11719.98, 4.14522482], [11719.42, 1.0]], "asks": [[11734.25, 0.06749685], [11734.26, 0.06749685], [11734.28, 3.86280238], [11734.41, 1.0], [11736.84, 0.19098299], [11736.87, 1.0], [11740.73, 1.2738], [11740.89, 2.0], [11776.63, 3.95]], "ts": 1565344530090}
{"bids": [[11733.5, 2.0], [11733.49, 0.10634993], [11729.65, 2.0], [11729.36, 2.0], [11726.34, 1.8936], [11722.74, 0.793], [11722.02, 4.0], [11721.79, 3.40033382], [11719.98, 4.14522482], [11719.42, 1.0]], "asks": [[11734.25, 0.06749685], [11734.26, 0.06749685], [11734.28, 3.86280238], [11734.41, 1.0], [11736.84, 0.19098299], [11736.87, 1.0], [11740.73, 1.2738], [11740.89, 2.0], [11776.63, 3.95]], "ts": 1565344530091}
{"bids": [[11733.5, 2.0], [11733.49, 0.10634993], [11729.65, 2.0], [11729.36, 2.0], [11726.34, 1.8936], [11722.74, 0.793], [11722.02, 4.0], [11721.79, 3.40033382], [11719.98, 4.14522482], [11719.42, 1.0]], "asks": [[11734.25, 0.06749685], [11734.26, 0.06749685], [11734.28, 3.86280238], [11734.41, 1.0], [11736.84, 0.19098299], [11736.87, 1.0], [11740.73, 1.2738], [11740.89, 2.0], [11741.19, 2.0], [11776.63, 3.95]], "ts": 1565344530092}
{"bids": [[11733.5, 2.0], [11733.49, 0.10634993], [11729.65, 2.0], [11729.36, 2.0], [11726.34, 1.8936], [11722.74, 0.793], [11722.02, 4.0], [11721.79, 3.40033382], [11719.98, 4.14522482], [11719.42, 1.0]], "asks": [[11734.25, 0.06749685], [11734.26, 0.06749685], [11734.28, 3.86280238], [11734.41, 1.0], [11736.84, 0.19098299], [11736.87, 1.0], [11740.89, 2.0], [11741.19, 2.0], [11776.63, 3.95]], "ts": 1565344530258}
{"bids": [[11733.5, 2.0], [11733.49, 0.10634993], [11729.65, 2.0], [11729.36, 2.0], [11726.34, 1.8936], [11722.74, 0.793], [11722.02, 4.0], [11721.79, 3.40033382], [11719.98, 4.14522482], [11719.42, 1.0]], "asks": [[11734.25, 0.06749685], [11734.26, 0.06749685], [11734.28, 3.86280238], [11734.41, 1.0], [11736.84, 0.19098299], [11736.87, 1.0], [11740.89, 2.0], [11741.19, 2.0], [11776.63, 3.95]], "ts": 1565344530346}
{"bids": [[11733.5, 2.0], [11733.49, 0.10634993], [11729.65, 2.0], [11729.36, 2.0], [11726.34, 1.8936], [11722.74, 0.793], [11722.02, 4.0], [11721.79, 3.40033382], [11719.98, 4.14522482], [11719.42, 1.0]], "asks": [[11734.25, 0.06749685], [11734.26, 0.06749685], [11734.28, 3.86280238], [11736.84, 0.19098299], [11736.87, 1.0], [11740.89, 2.0], [11741.19, 2.0], [11776.63, 3.95]], "ts": 1565344530825}
{"bids": [[11733.5, 2.0], [11733.49, 0.10634993], [11729.65, 2.0], [11729.36, 2.0], [11726.34, 0.629], [11722.74, 0.793], [11722.02, 4.0], [11721.79, 3.40033382], [11719.98, 4.14522482], [11719.42, 1.0]], "asks": [[11734.25, 0.06749685], [11734.26, 0.06749685], [11734.28, 3.86280238], [11736.84, 0.19098299], [11736.87, 1.0], [11740.89, 2.0], [11741.19, 2.0], [11776.63, 3.95]], "ts": 1565344530895}
{"bids": [[11733.5, 2.0], [11733.49, 0.10634993], [11729.65, 3.2756], [11729.36, 2.0], [11726.34, 0.629], [11722.74, 0.793], [11722.02, 4.0], [11721.79, 3.40033382], [11719.98, 4.14522482], [11719.42, 1.0]], "asks": [[11734.25, 0.06749685], [11734.26, 0.06749685], [11734.28, 3.86280238], [11736.84, 0.19098299], [11736.87, 1.0], [11740.89, 2.0], [11741.19, 2.0], [11776.63, 3.95]], "ts": 1565344530917}
{"bids": [[11733.5, 2.0], [11733.49, 0.10634993], [11729.65, 3.2756], [11729.36, 2.0], [11726.34, 0.629], [11722.74, 0.793], [11722.02, 4.0], [11721.79, 3.40033382], [11719.98, 4.14522482], [11719.42, 1.0]], "asks": [[11734.25, 0.06749685], [11734.26, 0.06749685], [11734.28, 3.86280238], [11736.84, 0.19098299], [11736.87, 1.0], [11740.89, 2.0], [11741.19, 2.0], [11742.53, 1.2616], [11776.63, 3.95]], "ts": 1565344530938}
{"bids": [[11733.5, 2.0], [11733.49, 0.10634993], [11729.65, 3.2756], [11726.34, 0.629], [11722.74, 0.793], [11722.02, 4.0], [11721.79, 3.40033382], [11719.98, 4.14522482], [11719.42, 1.0]], "asks": [[11734.25, 0.06749685], [11734.26, 0.06749685], [11734.28, 3.86280238], [11736.84, 0.19098299], [11736.87, 1.0], [11740.89, 2.0], [11741.19, 2.0], [11742.53, 1.2616], [11776.63, 3.95]], "ts": 1565344530990}
{"bids": [[11733.5, 2.0], [11733.49, 0.10634993], [11729.65, 3.2756], [11726.34, 0.629], [11722.74, 0.793], [11722.02, 4.0], [11721.79, 3.40033382], [11719.98, 4.14522482], [11719.42, 1.0]], "asks": [[11734.25, 0.06749685], [11734.26, 0.06749685], [11734.28, 3.86280238], [11736.84, 0.19098299], [11736.87, 1.0], [11741.19, 2.0], [11742.53, 1.2616], [11776.63, 3.95]], "ts": 1565344530999}
{"bids": [[11733.5, 2.0], [11733.49, 0.10634993], [11729.65, 3.2756], [11726.34, 0.629], [11722.74, 0.793], [11721.79, 3.40033382], [11719.98, 4.14522482], [11719.42, 1.0]], "asks": [[11734.25, 0.06749685], [11734.26, 0.06749685], [11734.28, 3.86280238], [11736.84, 0.19098299], [11736.87, 1.0], [11741.19, 2.0], [11742.53, 1.2616], [11776.63, 3.95]], "ts": 1565344531000}
{"bids": [[11733.5, 2.0], [11733.49, 0.10634993], [11729.65, 3.2756], [11726.34, 0.629], [11722.74, 0.793], [11721.79, 3.40033382], [11719.98, 4.14522482], [11719.42, 1.0]], "asks": [[11734.25, 0.06749685], [11734.26, 0.06749685], [11734.28, 3.86280238], [11736.84, 0.19098299], [11736.87, 1.0], [11741.19, 2.0], [11742.53, 1.2616], [11776.63, 3.95]], "ts": 1565344531001}
{"bids": [[11733.5, 2.0], [11733.49, 0.10634993], [11730.65, 2.0], [11729.65, 3.2756], [11726.34, 0.629], [11722.74, 0.793], [11721.79, 3.40033382], [11719.98, 4.14522482], [11719.42, 1.0]], "asks": [[11734.25, 0.06749685], [11734.26, 0.06749685], [11734.28, 3.86280238], [11736.84, 0.19098299], [11736.87, 1.0], [11741.19, 2.0], [11742.53, 1.2616], [11776.63, 3.95]], "ts": 1565344531002}
{"bids": [[11733.5, 2.0], [11733.49, 0.10634993], [11730.65, 2.0], [11729.65, 3.2756], [11726.34, 0.629], [11722.74, 0.793], [11721.79, 3.40033382], [11719.98, 4.14522482], [11719.42, 1.0]], "asks": [[11734.25, 0.06749685], [11734.26, 0.06749685], [11734.28, 3.86280238], [11736.84, 0.19098299], [11736.87, 1.0], [11741.19, 2.0], [11742.19, 2.0], [11742.53, 1.2616], [11776.63, 3.95]], "ts": 1565344531015}
{"bids": [[11733.5, 2.0], [11733.49, 0.10634993], [11730.65, 2.0], [11729.65, 3.2756], [11726.34, 0.629], [11725.14, 4.0], [11722.74, 0.793], [11721.79, 3.40033382], [11719.98, 4.14522482], [11719.42, 1.0]], "asks": [[11734.25, 0.06749685], [11734.26, 0.06749685], [11734.28, 3.86280238], [11736.84, 0.19098299], [11736.87, 1.0], [11741.19, 2.0], [11742.19, 2.0], [11742.53, 1.2616], [11776.63, 3.95]], "ts": 1565344531016}
{"bids": [[11733.5, 2.0], [11733.49, 0.10634993], [11730.65, 2.0], [11729.65, 3.2756], [11726.34, 0.629], [11725.14, 4.0], [11722.74, 0.793], [11721.79, 3.40033382], [11719.98, 4.14522482], [11719.42, 1.0]], "asks": [[11734.25, 0.06749685], [11734.26, 0.06749685], [11734.28, 3.86280238], [11736.84, 0.19098299], [11736.87, 1.0], [11741.19, 2.0], [11742.19, 2.0], [11742.53, 1.2616], [11747.71, 4.0], [11776.63, 3.95]], "ts": 1565344531017}
{"bids": [[11733.5, 2.0], [11733.49, 0.10634993], [11730.65, 2.0], [11729.65, 3.2756], [11726.34, 0.629], [11725.14, 4.0], [11722.74, 0.793], [11721.79, 3.40033382], [11719.98, 4.14522482], [11719.42, 1.0]], "asks": [[11734.26, 0.06749685], [11734.28, 3.86280238], [11736.84, 0.19098299], [11736.87, 1.0], [11741.19, 2.0], [11742.19, 2.0], [11742.53, 1.2616], [11747.71, 4.0], [11776.63, 3.95]], "ts": 1565344531017}
{"bids": [[11733.51, 0.06749688], [11733.5, 2.0], [11733.49, 0.10634993], [11730.65, 2.0], [11729.65, 3.2756], [11726.34, 0.629], [11725.14, 4.0], [11722.74, 0.793], [11721.79, 3.40033382], [11719.98, 4.14522482]], "asks": [[11734.26, 0.06749685], [11734.28, 3.86280238], [11736.84, 0.19098299], [11736.87, 1.0], [11741.19, 2.0], [11742.19, 2.0], [11742.53, 1.2616], [11747.71, 4.0], [11776.63, 3.95]], "ts": 1565344531018}
{"bids": [[11733.51, 0.06749688], [11733.5, 2.0], [11733.49, 0.10634993], [11730.65, 2.0], [11729.65, 3.2756], [11726.34, 0.629], [11725.14, 4.0], [11722.74, 0.793], [11721.79, 3.40033382], [11719.98, 4.14522482]], "asks": [[11734.28, 3.86280238], [11736.84, 0.19098299], [11736.87, 1.0], [11741.19, 2.0], [11742.19, 2.0], [11742.53, 1.2616], [11747.71, 4.0], [11776.63, 3.95]], "ts": 1565344531019}
{"bids": [[11733.52, 0.06749688], [11733.51, 0.06749688], [11733.5, 2.0], [11733.49, 0.10634993], [11730.65, 2.0], [11729.65, 3.2756], [11726.34, 0.629], [11725.14, 4.0], [11722.74, 0.793], [11721.79, 3.40033382]], "asks": [[11734.28, 3.86280238], [11736.84, 0.19098299], [11736.87, 1.0], [11741.19, 2.0], [11742.19, 2.0], [11742.53, 1.2616], [11747.71, 4.0], [11776.63, 3.95]], "ts": 1565344531024}
{"bids": [[11733.52, 0.06749688], [11733.51, 0.06749688], [11733.5, 2.0], [11733.49, 0.10634993], [11730.65, 2.0], [11729.65, 3.2756], [11726.34, 0.629], [11725.14, 4.0], [11722.74, 0.793], [11721.79, 3.40033382]], "asks": [[11734.28, 3.86280238], [11736.84, 0.19098299], [11736.87, 1.0], [11741.19, 2.0], [11742.19, 2.0], [11742.53, 1.2616], [11747.71, 4.0], [11776.63, 3.95]], "ts": 1565344531144}
{"bids": [[11733.52, 0.06749688], [11733.51, 0.06749688], [11733.5, 2.0], [11733.49, 0.10634993], [11730.65, 2.0], [11729.65, 3.2756], [11726.34, 0.629], [11725.14, 4.0], [11722.74, 0.793], [11721.79, 3.40033382]], "asks": [[11734.28, 3.86280238], [11736.84, 0.19098299], [11736.87, 1.0], [11741.19, 2.0], [11742.19, 2.0], [11742.53, 1.2616], [11747.71, 4.0], [11776.63, 3.95]], "ts": 1565344531833}
{"bids": [[11733.52, 0.06749688], [11733.51, 0.06749688], [11733.5, 2.0], [11733.49, 0.10634993], [11730.65, 2.0], [11729.65, 3.2756], [11726.34, 0.629], [11725.14, 4.0], [11722.74, 0.793], [11721.79, 3.40033382]], "asks": [[11734.28, 3.86280238], [11736.84, 0.19098299], [11736.87, 1.0], [11741.19, 2.0], [11742.19, 2.0], [11742.53, 1.2616], [11747.71, 4.0], [11776.63, 3.95]], "ts": 1565344531834}
{"bids": [[11733.52, 0.06749688], [11733.51, 0.06749688], [11733.5, 2.0], [11733.49, 0.10634993], [11730.65, 2.0], [11729.65, 3.2756], [11726.34, 0.629], [11725.14, 4.0], [11722.74, 0.793], [11721.79, 3.40033382]], "asks": [[11734.28, 3.86280238], [11736.84, 0.19098299], [11736.87, 1.0], [11741.19, 2.0], [11742.19, 2.0], [11742.53, 1.2616], [11747.71, 4.0], [11776.63, 3.95]], "ts": 1565344532566}
{"bids": [[11733.52, 0.06749688], [11733.51, 0.06749688], [11733.5, 2.0], [11733.49, 0.10634993], [11730.65, 2.0], [11729.65, 1.2756], [11726.34, 0.629], [11725.14, 4.0], [11722.74, 0.793], [11721.79, 3.40033382]], "asks": [[11734.28, 3.86280238], [11736.84, 0.19098299], [11736.87, 1.0], [11741.19, 2.0], [11742.19, 2.0], [11742.53, 1.2616], [11747.71, 4.0], [11776.63, 3.95]], "ts": 1565344532567}
{"bids": [[11733.52, 0.06749688], [11733.51, 0.06749688], [11733.5, 2.0], [11733.49, 0.10634993], [11730.65, 2.0], [11729.65, 1.2756], [11726.34, 0.629], [11725.14, 4.0], [11722.74, 0.793], [11721.79, 3.40033382]], "asks": [[11734.28, 3.86280238], [11736.84, 0.19098299], [11736.87, 1.0], [11742.19, 2.0], [11742.53, 1.2616], [11747.71, 4.0], [11776.63, 3.95]], "ts": 1565344532573}
{"bids": [[11733.52, 0.06749688], [11733.51, 0.06749688], [11733.5, 2.0], [11733.49, 0.10634993], [11731.17, 2.0], [11730.65, 2.0], [11729.65, 1.2756], [11726.34, 0.629], [11725.14, 4.0], [11722.74, 0.793]], "asks": [[11734.28, 3.86280238], [11736.84, 0.19098299], [11736.87, 1.0], [11742.19, 2.0], [11742.53, 1.2616], [11747.71, 4.0], [11776.63, 3.95]], "ts": 1565344532574}
{"bids": [[11733.52, 0.06749688], [11733.51, 0.06749688], [11733.5, 2.0], [11733.49, 0.10634993], [11731.17, 2.0], [11730.65, 2.0], [11729.65, 1.2756], [11726.34, 0.629], [11725.14, 4.0], [11722.74, 0.793]], "asks": [[11734.28, 3.86280238], [11736.84, 0.19098299], [11736.87, 1.0], [11742.19, 2.0], [11742.53, 1.2616], [11742.71, 2.0], [11747.71, 4.0], [11776.63, 3.95]], "ts": 1565344532574}
{"bids": [[11733.52, 0.06749688], [11733.51, 0.06749688], [11733.5, 2.0], [11733.49, 0.10634993], [11731.17, 2.0], [11730.65, 2.0], [11729.65, 1.2756], [11726.34, 0.629], [11725.14, 4.0], [11722.74, 0.793]], "asks": [[11734.28, 3.86280238], [11736.84, 0.19098299], [11736.87, 1.0], [11742.19, 2.0], [11742.71, 2.0], [11747.71, 4.0], [11776.63, 3.95]], "ts": 1565344532575}
{"bids": [[11733.52, 0.06749688], [11733.51, 0.06749688], [11733.5, 2.0], [11733.49, 0.10634993], [11731.17, 2.0], [11730.65, 2.0], [11729.65, 1.2756], [11726.34, 0.629], [11725.14, 4.0], [11722.74, 0.793]], "asks": [[11734.28, 3.86280238], [11736.84, 0.19098299], [11736.87, 1.0], [11742.19, 2.0], [11742.71, 2.0], [11743.53, 1.2646], [11747.71, 4.0], [11776.63, 3.95]], "ts": 1565344532576}
{"bids": [[11733.52, 0.06749688], [11733.51, 0.06749688], [11733.5, 2.0], [11733.49, 0.10634993], [11731.17, 2.0], [11730.65, 2.0], [11729.65, 1.2756], [11726.34, 0.629], [11725.14, 4.0], [11722.74, 0.793]], "asks": [[11734.28, 3.86280238], [11736.84, 0.19098299], [11736.87, 1.0], [11742.19, 2.0], [11742.71, 2.0], [11743.53, 1.2646], [11747.71, 4.0], [11776.63, 3.95]], "ts": 1565344532576}
{"bids": [[11733.52, 0.06749688], [11733.51, 0.06749688], [11733.5, 2.0], [11733.49, 0.10634993], [11731.17, 2.0], [11730.65, 2.0], [11729.65, 1.2756], [11726.34, 0.629], [11725.14, 4.0], [11722.74, 0.793]], "asks": [[11734.28, 3.86280238], [11736.84, 0.19098299], [11736.87, 1.0], [11742.19, 2.0], [11742.71, 2.0], [11743.53, 1.2646], [11747.71, 4.0], [11776.63, 3.95]], "ts": 1565344532577}
{"bids": [[11733.52, 0.06749688], [11733.51, 0.06749688], [11733.5, 2.0], [11733.49, 0.10634993], [11731.17, 2.0], [11730.65, 2.0], [11729.65, 1.2756], [11726.34, 0.629], [11725.14, 4.0], [11722.74, 0.793]], "asks": [[11734.28, 3.86280238], [11736.84, 0.19098299], [11736.87, 1.0], [11742.19, 2.0], [11742.71, 2.0], [11743.53, 1.2646], [11747.71, 4.0], [11776.63, 3.95]], "ts": 1565344532577}
{"bids": [[11733.52, 0.06749688], [11733.51, 0.06749688], [11733.5, 2.0], [11733.49, 0.10634993], [11731.17, 2.0], [11730.65, 2.0], [11729.65, 1.2756], [11726.34, 0.629], [11725.14, 4.0], [11722.74, 0.793]], "asks": [[11734.28, 3.86280238], [11736.84, 0.19098299], [11736.87, 1.0], [11742.19, 2.0], [11742.71, 2.0], [11743.53, 1.2646], [11747.71, 4.0], [11766.84, 10.0], [11776.63, 3.95]], "ts": 1565344532578}
{"bids": [[11733.52, 0.06749688], [11733.51, 0.06749688], [11733.5, 2.0], [11733.49, 0.10634993], [11731.17, 2.0], [11730.65, 2.0], [11729.65, 1.2756], [11726.34, 0.629], [11725.14, 4.0], [11722.74, 0.793]], "asks": [[11734.28, 3.86280238], [11736.84, 0.19098299], [11736.87, 1.0], [11742.19, 2.0], [11742.71, 2.0], [11743.53, 1.2646], [11747.71, 4.0], [11766.84, 10.0], [11776.63, 3.95]], "ts": 1565344532579}
{"bids": [[11733.52, 0.06749688], [11733.51, 0.06749688], [11733.5, 2.0], [11733.49, 0.10634993], [11731.17, 2.0], [11730.65, 2.0], [11729.65, 1.2756], [11726.34, 0.629], [11725.14, 4.0], [11722.74, 0.793]], "asks": [[11734.28, 3.86280238], [11736.84, 0.19098299], [11736.87, 1.0], [11742.19, 2.0], [11742.71, 2.0], [11743.53, 1.2646], [11747.71, 4.0], [11766.84, 10.0], [11776.63, 3.95]], "ts": 1565344532579}
{"bids": [[11733.52, 0.06749688], [11733.51, 0.06749688], [11733.5, 2.0], [11733.49, 0.10634993], [11731.17, 2.0], [11730.65, 2.0], [11729.65, 1.2756], [11726.34, 0.629], [11725.14, 4.0], [11722.74, 0.793]], "asks": [[11734.28, 3.86280238], [11736.84, 0.19098299], [11736.87, 1.0], [11742.19, 2.0], [11742.71, 2.0], [11743.53, 1.2646], [11747.71, 4.0], [11749.09, 1.0], [11766.84, 10.0], [11776.63, 3.95]], "ts": 1565344532580}
{"bids": [[11733.52, 0.06749688], [11733.51, 0.06749688], [11733.5, 2.0], [11733.49, 0.10634993], [11731.17, 2.0], [11730.65, 2.0], [11729.65, 1.2756], [11726.34, 0.629], [11725.14, 4.0], [11722.74, 0.793]], "asks": [[11734.28, 3.86280238], [11736.84, 0.19098299], [11736.87, 1.0], [11742.19, 2.0], [11742.71, 2.0], [11743.53, 1.2646], [11747.71, 4.0], [11749.09, 1.0], [11766.84, 10.0], [11776.63, 3.95]], "ts": 1565344533060}
{"bids": [[11733.52, 0.06749688], [11733.51, 0.06749688], [11733.5, 2.0], [11733.49, 0.10634993], [11731.17, 2.0], [11730.65, 2.0], [11729.65, 1.2756], [11726.34, 0.629], [11725.14, 4.0], [11722.74, 0.793]], "asks": [[11734.28, 3.86280238], [11736.84, 0.19098299], [11736.87, 1.0], [11742.19, 2.0], [11742.71, 2.0], [11743.53, 1.2646], [11747.71, 4.0], [11749.09, 1.0], [11756.46, 10.0], [11766.84, 10.0]], "ts": 1565344533062}
{"bids": [[11733.52, 0.06749688], [11733.51, 0.06749688], [11733.5, 2.0], [11733.49, 0.10634993], [11731.17, 2.0], [11730.65, 2.0], [11729.65, 1.2756], [11726.34, 0.629], [11725.14, 4.0], [11722.74, 0.793]], "asks": [[11734.28, 3.86280238], [11736.84, 0.19098299], [11736.87, 1.0], [11742.19, 2.0], [11742.71, 2.0], [11743.53, 1.2646], [11747.71, 4.0], [11749.09, 1.0], [11756.46, 10.0], [11766.84, 10.0]], "ts": 1565344533067}
{"bids": [[11733.52, 0.06749688], [11733.51, 0.06749688], [11733.5, 2.0], [11733.49, 0.10634993], [11731.17, 2.0], [11730.65, 2.0], [11729.65, 1.2756], [11726.34, 0.629], [11725.14, 4.0], [11722.74, 0.793]], "asks": [[11734.28, 3.86280238], [11736.84, 0.19098299], [11736.87, 1.0], [11742.19, 2.0], [11742.71, 2.0], [11743.53, 1.2646], [11747.71, 4.0], [11749.09, 1.0], [11756.46, 10.0], [11766.84, 10.0]], "ts": 1565344533067}
{"bids": [[11733.52, 0.06749688], [11733.51, 0.06749688], [11733.5, 2.0], [11733.49, 0.10634993], [11731.17, 2.0], [11730.65, 2.0], [11729.65, 1.2756], [11726.34, 0.629], [11725.14, 4.0], [11722.74, 0.793]], "asks": [[11734.28, 3.86280238], [11736.84, 0.19098299], [11736.87, 1.0], [11742.19, 2.0], [11742.71, 2.0], [11743.53, 1.2646], [11747.71, 4.0], [11749.09, 1.0], [11756.46, 10.0], [11766.84, 10.0]], "ts": 1565344533068}
{"bids": [[11733.52, 0.06749688], [11733.51, 0.06749688], [11733.5, 2.0], [11733.49, 0.10634993], [11731.17, 2.0], [11730.65, 2.0], [11729.65, 1.2756], [11726.34, 0.629], [11725.14, 4.0], [11722.74, 0.793]], "asks": [[11734.28, 3.86280238], [11736.84, 0.19098299], [11736.87, 1.0], [11742.19, 2.0], [11742.71, 2.0], [11743.53, 1.2646], [11747.71, 4.0], [11749.09, 1.0], [11756.46, 10.0], [11766.84, 10.0]], "ts": 1565344533776}
{"bids": [[11733.52, 0.06749688], [11733.51, 0.06749688], [11733.5, 2.0], [11733.49, 0.10634993], [11731.17, 2.0], [11730.65, 2.0], [11729.65, 1.2756], [11726.34, 0.629], [11725.14, 4.0], [11722.74, 0.793]], "asks": [[11734.28, 3.86280238], [11736.84, 0.19098299], [11736.87, 1.0], [11742.19, 2.0], [11742.71, 2.0], [11743.53, 1.2646], [11747.71, 4.0], [11749.09, 1.0], [11756.46, 10.0], [11766.84, 10.0]], "ts": 1565344533777}
{"bids": [[11733.52, 0.06749688], [11733.51, 0.06749688], [11733.5, 2.0], [11733.49, 0.10634993], [11731.17, 2.0], [11730.65, 2.0], [11729.65, 1.2756], [11726.34, 0.629], [11725.14, 4.0], [11722.74, 0.793]], "asks": [[11734.28, 3.86280238], [11736.84, 0.19098299], [11736.87, 1.0], [11742.19, 2.0], [11742.71, 2.0], [11747.71, 4.0], [11749.09, 1.0], [11756.46, 10.0], [11766.84, 10.0]], "ts": 1565344533783}
{"bids": [[11733.52, 0.06749688], [11733.51, 0.06749688], [11733.5, 2.0], [11733.49, 0.10634993], [11731.17, 2.0], [11730.65, 2.0], [11729.65, 1.2756], [11726.34, 0.629], [11725.14, 4.0], [11722.74, 0.793]], "asks": [[11734.28, 3.86280238], [11736.84, 0.19098299], [11736.87, 1.0], [11742.13, 1.2746], [11742.19, 2.0], [11742.71, 2.0], [11747.71, 4.0], [11749.09, 1.0], [11756.46, 10.0], [11766.84, 10.0]], "ts": 1565344533784}
{"bids": [[11733.52, 0.06749688], [11733.51, 0.06749688], [11733.5, 2.0], [11733.49, 0.10634993], [11731.17, 2.0], [11730.65, 2.0], [11729.65, 1.2756], [11726.34, 0.629], [11725.14, 4.0], [11722.74, 0.793]], "asks": [[11734.28, 3.86280238], [11736.84, 0.19098299], [11736.87, 1.0], [11742.13, 1.2746], [11742.19, 2.0], [11742.71, 2.0], [11747.71, 4.0], [11749.09, 1.0], [11756.46, 10.0], [11766.84, 10.0]], "ts": 1565344533784}
{"bids": [[11733.52, 0.06749688], [11733.51, 0.06749688], [11733.5, 2.0], [11733.49, 0.10634993], [11731.17, 2.0], [11730.65, 2.0], [11729.65, 1.2756], [11726.34, 0.629], [11725.14, 4.0], [11722.74, 0.793]], "asks": [[11734.28, 3.86280238], [11736.84, 0.19098299], [11736.87, 1.0], [11742.13, 1.2746], [11742.19, 2.0], [11742.71, 2.0], [11747.71, 4.0], [11748.17, 0.59966618], [11749.09, 1.0], [11756.46, 10.0]], "ts": 1565344533785}
{"bids": [[11733.52, 0.06749688], [11733.51, 0.06749688], [11733.5, 2.0], [11733.49, 0.10634993], [11731.17, 2.0], [11730.65, 2.0], [11729.65, 1.2756], [11726.34, 0.629], [11725.14, 4.0], [11722.74, 0.793]], "asks": [[11734.28, 3.86280238], [11736.84, 0.19098299], [11736.87, 1.0], [11742.13, 1.2746], [11742.19, 2.0], [11742.71, 2.0], [11747.71, 4.0], [11748.17, 0.59966618], [11749.09, 1.0], [11756.46, 10.0]], "ts": 1565344533786}
{"bids": [[11733.52, 0.06749688], [11733.51, 0.06749688], [11733.5, 2.0], [11733.49, 0.10634993], [11731.17, 2.0], [11730.65, 2.0], [11729.65, 1.2756], [11726.34, 0.629], [11725.14, 4.0], [11722.74, 0.793]], "asks": [[11734.28, 3.86280238], [11736.84, 0.19098299], [11736.87, 1.0], [11742.13, 1.2746], [11742.19, 2.0], [11742.71, 2.0], [11747.71, 4.0], [11748.17, 0.59966618], [11749.09, 1.0], [11756.46, 10.0]], "ts": 1565344533786}
{"bids": [[11733.52, 0.06749688], [11733.51, 0.06749688], [11733.5, 2.0], [11733.49, 0.10634993], [11731.17, 2.0], [11730.65, 2.0], [11729.65, 1.2756], [11726.34, 0.629], [11725.14, 4.0], [11722.74, 0.793]], "asks": [[11734.28, 3.86280238], [11736.84, 0.19098299], [11736.87, 1.0], [11742.13, 1.2746], [11742.19, 2.0], [11742.71, 2.0], [11747.71, 4.0], [11748.17, 0.59966618], [11749.09, 1.0], [11756.46, 10.0]], "ts": 1565344533787}
{"bids": [[11733.52, 0.06749688], [11733.51, 0.06749688], [11733.5, 2.0], [11733.49, 0.10634993], [11731.17, 2.0], [11730.65, 2.0], [11729.65, 1.2756], [11726.34, 0.629], [11725.14, 4.0], [11722.74, 0.793]], "asks": [[11734.28, 3.86280238], [11736.84, 0.19098299], [11736.87, 1.0], [11742.13, 1.2746], [11742.19, 2.0], [11742.71, 2.0], [11747.71, 4.0], [11748.17, 0.59966618], [11749.09, 1.0], [11756.46, 10.0]], "ts": 1565344533787}
{"bids": [[11733.52, 0.06749688], [11733.51, 0.06749688], [11733.5, 2.0], [11733.49, 0.10634993], [11731.17, 2.0], [11730.65, 2.0], [11729.65, 1.2756], [11726.34, 0.629], [11725.14, 4.0], [11722.74, 0.793]], "asks": [[11734.28, 3.86280238], [11736.84, 0.19098299], [11736.87, 1.0], [11742.13, 1.2746], [11742.19, 2.0], [11742.71, 2.0], [11747.71, 4.0], [11748.17, 0.59966618], [11749.09, 1.0], [11756.46, 10.0]], "ts": 1565344533788}
{"bids": [[11733.52, 0.06749688], [11733.51, 0.06749688], [11733.5, 2.0], [11733.49, 0.10634993], [11731.17, 2.0], [11730.65, 2.0], [11729.65, 1.2756], [11726.34, 0.629], [11725.14, 4.0], [11722.74, 0.793]], "asks": [[11734.28, 3.86280238], [11736.84, 0.19098299], [11736.87, 1.0], [11742.13, 1.2746], [11742.19, 2.0], [11742.71, 2.0], [11747.71, 4.0], [11748.17, 0.59966618], [11749.09, 1.0], [11756.46, 10.0]], "ts": 1565344533789}
{"bids": [[11733.52, 0.06749688], [11733.51, 0.06749688], [11733.5, 2.0], [11733.49, 0.10634993], [11731.17, 2.0], [11730.65, 2.0], [11729.65, 1.2756], [11726.34, 0.629], [11725.14, 4.0], [11722.74, 0.793]], "asks": [[11734.28, 3.86280238], [11736.84, 0.19098299], [11736.87, 1.0], [11742.13, 1.2746], [11742.19, 2.0], [11742.71, 2.0], [11747.71, 4.0], [11748.17, 0.59966618], [11749.09, 1.0], [11756.46, 10.0]], "ts": 1565344533789}
{"bids": [[11733.52, 0.06749688], [11733.51, 0.06749688], [11733.5, 2.0], [11733.49, 0.10634993], [11731.17, 2.0], [11730.65, 2.0], [11729.65, 1.2756], [11726.34, 0.629], [11725.14, 4.0], [11722.74, 0.793]], "asks": [[11734.28, 3.86280238], [11736.84, 0.19098299], [11736.87, 1.0], [11742.13, 1.2746], [11742.19, 2.0], [11742.71, 2.0], [11747.71, 4.0], [11748.17, 0.59966618], [11749.09, 1.0], [11756.46, 10.0]], "ts": 1565344533790}
{"bids": [[11733.52, 0.06749688], [11733.51, 0.06749688], [11733.5, 2.0], [11733.49, 0.10634993], [11731.17, 2.0], [11730.65, 2.0], [11729.65, 1.2756], [11726.34, 0.629], [11725.14, 4.0], [11722.74, 0.793]], "asks": [[11734.28, 3.86280238], [11736.84, 0.19098299], [11736.87, 1.0], [11742.13, 1.2746], [11742.19, 2.0], [11742.71, 2.0], [11747.71, 4.0], [11748.17, 0.59966618], [11749.09, 1.0], [11756.46, 10.0]], "ts": 1565344533790}
{"bids": [[11733.52, 0.06749688], [11733.51, 0.06749688], [11733.5, 2.0], [11733.49, 0.10634993], [11731.17, 2.0], [11730.65, 2.0], [11729.65, 1.2756], [11726.34, 0.629], [11725.14, 4.0], [11722.74, 0.793]], "asks": [[11734.28, 3.86280238], [11736.84, 0.19098299], [11736.87, 1.0], [11742.13, 1.2746], [11742.19, 2.0], [11742.71, 2.0], [11747.71, 4.0], [11748.17, 0.59966618], [11749.09, 1.0], [11756.46, 10.0]], "ts": 1565344533791}
{"bids": [[11733.52, 0.06749688], [11733.51, 0.06749688], [11733.5, 2.0], [11733.49, 0.10634993], [11731.17, 2.0], [11730.65, 2.0], [11729.65, 1.2756], [11726.34, 0.629], [11725.14, 4.0], [11722.74, 0.793]], "asks": [[11734.28, 3.86280238], [11736.84, 0.19098299], [11736.87, 1.0], [11742.13, 1.2746], [11742.19, 2.0], [11742.71, 2.0], [11747.71, 4.0], [11748.17, 0.59966618], [11749.09, 1.0], [11756.37, 2.0]], "ts": 1565344533791}
{"bids": [[11733.52, 0.06749688], [11733.51, 0.06749688], [11733.5, 2.0], [11733.49, 0.10634993], [11731.17, 2.0], [11730.65, 2.0], [11729.65, 1.2756], [11726.34, 0.629], [11725.14, 4.0], [11722.74, 0.793]], "asks": [[11734.28, 3.86280238], [11736.84, 0.19098299], [11736.87, 1.0], [11742.13, 1.2746], [11742.19, 2.0], [11742.71, 2.0], [11747.71, 4.0], [11748.17, 0.59966618], [11749.09, 1.0], [11756.37, 2.0]], "ts": 1565344533792}
{"bids": [[11733.52, 0.06749688], [11733.51, 0.06749688], [11733.5, 2.0], [11733.49, 0.10634993], [11731.17, 2.0], [11730.65, 2.0], [11729.65, 1.2756], [11726.34, 0.629], [11725.93, 3.40033382], [11725.14, 4.0]], "asks": [[11734.28, 3.86280238], [11736.84, 0.19098299], [11736.87, 1.0], [11742.13, 1.2746], [11742.19, 2.0], [11742.71, 2.0], [11747.71, 4.0], [11748.17, 0.59966618], [11749.09, 1.0], [11756.37, 2.0]], "ts": 1565344534023}
{"bids": [[11733.52, 0.06749688], [11733.51, 0.06749688], [11733.5, 2.0], [11733.49, 0.10634993], [11731.17, 2.0], [11730.65, 2.0], [11729.65, 1.2756], [11726.34, 0.629], [11725.93, 3.40033382], [11725.14, 4.0]], "asks": [[11734.28, 3.86280238], [11736.84, 0.19098299], [11736.87, 1.0], [11742.13, 1.2746], [11742.19, 2.0], [11742.71, 2.0], [11747.71, 4.0], [11748.17, 0.59966618], [11749.09, 1.0], [11756.37, 2.0]], "ts": 1565344534034}
{"bids": [[11733.52, 0.06749688], [11733.51, 0.06749688], [11733.5, 2.0], [11733.49, 0.10634993], [11731.17, 2.0], [11730.65, 2.0], [11729.65, 1.2756], [11726.34, 0.629], [11725.93, 3.40033382], [11725.14, 4.0]], "asks": [[11734.28, 3.86280238], [11736.84, 0.19098299], [11736.87, 1.0], [11742.19, 2.0], [11742.71, 2.0], [11747.71, 4.0], [11748.17, 0.59966618], [11749.09, 1.0], [11756.37, 2.0]], "ts": 1565344534035}
{"bids": [[11733.52, 0.06749688], [11733.51, 0.06749688], [11733.5, 2.0], [11733.49, 0.10634993], [11730.65, 2.0], [11729.65, 1.2756], [11726.34, 0.629], [11725.93, 3.40033382], [11725.14, 4.0]], "asks": [[11734.28, 3.86280238], [11736.84, 0.19098299], [11736.87, 1.0], [11742.19, 2.0], [11742.71, 2.0], [11747.71, 4.0], [11748.17, 0.59966618], [11749.09, 1.0], [11756.37, 2.0]], "ts": 1565344534819}
{"bids": [[11733.52, 0.06749688], [11733.51, 0.06749688], [11733.5, 2.0], [11733.49, 0.10634993], [11730.65, 2.0], [11729.65, 1.2756], [11726.34, 0.629], [11725.93, 3.40033382], [11725.14, 4.0]], "asks": [[11734.28, 3.86280238], [11736.84, 0.19098299], [11736.87, 1.0], [11742.19, 2.0], [11747.71, 4.0], [11748.17, 0.59966618], [11749.09, 1.0], [11756.37, 2.0]], "ts": 1565344534820}
{"bids": [[11733.52, 0.06749688], [11733.51, 0.06749688], [11733.5, 2.0], [11733.49, 0.10634993], [11732.47, 2.0], [11730.65, 2.0], [11729.65, 1.2756], [11726.34, 0.629], [11725.93, 3.40033382], [11725.14, 4.0]], "asks": [[11734.28, 3.86280238], [11736.84, 0.19098299], [11736.87, 1.0], [11742.19, 2.0], [11747.71, 4.0], [11748.17, 0.59966618], [11749.09, 1.0], [11756.37, 2.0]], "ts": 1565344534826}
{"bids": [[11733.52, 0.06749688], [11733.51, 0.06749688], [11733.5, 2.0], [11733.49, 0.10634993], [11732.47, 2.0], [11730.65, 2.0], [11729.65, 1.2756], [11726.34, 0.629], [11725.93, 3.40033382], [11725.14, 4.0]], "asks": [[11734.28, 3.86280238], [11736.84, 0.19098299], [11736.87, 1.0], [11742.19, 2.0], [11744.01, 2.0], [11747.71, 4.0], [11748.17, 0.59966618], [11749.09, 1.0], [11756.37, 2.0]], "ts": 1565344534826}
{"bids": [[11733.52, 0.06749688], [11733.51, 0.06749688], [11733.5, 2.0], [11733.49, 0.10634993], [11732.47, 2.0], [11730.65, 2.0], [11729.65, 1.2756], [11726.34, 0.629], [11725.93, 3.40033382], [11725.14, 4.0]], "asks": [[11734.28, 3.86280238], [11736.84, 0.19098299], [11736.87, 1.0], [11742.19, 2.0], [11744.01, 2.0], [11747.71, 4.0], [11748.17, 0.59966618], [11749.09, 1.0], [11756.37, 2.0]], "ts": 1565344534827}
{"bids": [[11733.52, 0.06749688], [11733.51, 0.06749688], [11733.5, 2.0], [11733.49, 0.10634993], [11732.47, 2.0], [11730.65, 2.0], [11726.34, 0.629], [11725.93, 3.40033382], [11725.14, 4.0]], "asks": [[11734.28, 3.86280238], [11736.84, 0.19098299], [11736.87, 1.0], [11742.19, 2.0], [11744.01, 2.0], [11747.71, 4.0], [11748.17, 0.59966618], [11749.09, 1.0], [11756.37, 2.0]], "ts": 1565344535419}
{"bids": [[11733.52, 0.06749688], [11733.51, 0.06749688], [11733.5, 2.0], [11733.49, 0.10634993], [11732.47, 2.0], [11731.15, 1.2683], [11730.65, 2.0], [11726.34, 0.629], [11725.93, 3.40033382], [11725.14, 4.0]], "asks": [[11734.28, 3.86280238], [11736.84, 0.19098299], [11736.87, 1.0], [11742.19, 2.0], [11744.01, 2.0], [11747.71, 4.0], [11748.17, 0.59966618], [11749.09, 1.0], [11756.37, 2.0]], "ts": 1565344535420}
{"bids": [[11733.52, 0.06749688], [11733.51, 0.06749688], [11733.5, 2.0], [11733.49, 0.10634993], [11732.47, 2.0], [11731.15, 1.2683], [11730.65, 2.0], [11726.34, 0.629], [11725.93, 3.40033382], [11725.14, 4.0]], "asks": [[11734.28, 3.86280238], [11736.84, 0.19098299], [11736.87, 1.0], [11742.19, 2.0], [11744.01, 2.0], [11747.71, 4.0], [11748.17, 0.59966618], [11749.09, 1.0], [11749.33, 1.2627], [11756.37, 2.0]], "ts": 1565344535426}
{"bids": [[11733.52, 0.06749688], [11733.51, 0.06749688], [11733.5, 2.0], [11733.49, 0.10634993], [11732.47, 2.0], [11731.15, 1.2683], [11730.65, 2.0], [11726.34, 0.629], [11725.93, 3.40033382], [11725.14, 4.0]], "asks": [[11734.28, 3.86280238], [11736.84, 0.19098299], [11736.87, 1.0], [11742.19, 2.0], [11744.01, 2.0], [11747.71, 4.0], [11748.17, 0.59966618], [11749.09, 1.0], [11749.33, 1.2627], [11756.37, 2.0]], "ts": 1565344535427}
{"bids": [[11733.52, 0.06749688], [11733.51, 0.06749688], [11733.5, 2.0], [11733.49, 0.10634993], [11732.47, 2.0], [11730.65, 2.0], [11726.34, 0.629], [11725.93, 3.40033382], [11725.14, 4.0]], "asks": [[11734.28, 3.86280238], [11736.84, 0.19098299], [11736.87, 1.0], [11742.19, 2.0], [11744.01, 2.0], [11747.71, 4.0], [11748.17, 0.59966618], [11749.09, 1.0], [11749.33, 1.2627], [11756.37, 2.0]], "ts": 1565344535428}
{"bids": [[11733.52, 0.06749688], [11733.51, 0.06749688], [11733.5, 2.0], [11733.49, 0.10634993], [11732.47, 2.0], [11726.34, 0.629], [11725.93, 3.40033382], [11725.14, 4.0]], "asks": [[11734.28, 3.86280238], [11736.84, 0.19098299], [11736.87, 1.0], [11742.19, 2.0], [11744.01, 2.0], [11747.71, 4.0], [11748.17, 0.59966618], [11749.09, 1.0], [11749.33, 1.2627], [11756.37, 2.0]], "ts": 1565344535428}
{"bids": [[11733.52, 0.06749688], [11733.51, 0.06749688], [11733.5, 2.0], [11733.49, 0.10634993], [11732.47, 2.0], [11726.34, 0.629], [11725.93, 3.40033382], [11725.14, 4.0]], "asks": [[11734.28, 3.86280238], [11736.84, 0.19098299], [11736.87, 1.0], [11744.01, 2.0], [11747.71, 4.0], [11748.17, 0.59966618], [11749.09, 1.0], [11749.33, 1.2627], [11756.37, 2.0]], "ts": 1565344535429}
{"bids": [[11733.52, 0.06749688], [11733.51, 0.06749688], [11733.5, 2.0], [11733.49, 0.10634993], [11732.59, 2.0], [11732.47, 2.0], [11726.34, 0.629], [11725.93, 3.40033382], [11725.14, 4.0]], "asks": [[11734.28, 3.86280238], [11736.84, 0.19098299], [11736.87, 1.0], [11744.01, 2.0], [11747.71, 4.0], [11748.17, 0.59966618], [11749.09, 1.0], [11749.33, 1.2627], [11756.37, 2.0]], "ts": 1565344535429}
{"bids": [[11733.52, 0.06749688], [11733.51, 0.06749688], [11733.5, 2.0], [11733.49, 0.10634993], [11732.59, 2.0], [11732.47, 2.0], [11726.34, 0.629], [11725.93, 3.40033382], [11725.14, 4.0]], "asks": [[11734.28, 3.86280238], [11736.84, 0.19098299], [11736.87, 1.0], [11744.01, 2.0], [11744.14, 2.0], [11747.71, 4.0], [11748.17, 0.59966618], [11749.09, 1.0], [11749.33, 1.2627], [11756.37, 2.0]], "ts": 1565344535430}
{"bids": [[11733.52, 0.06749688], [11733.51, 0.06749688], [11733.5, 2.0], [11733.49, 0.10634993], [11732.59, 2.0], [11732.47, 2.0], [11726.34, 0.629], [11725.93, 3.40033382], [11725.14, 4.0]], "asks": [[11734.28, 3.86280238], [11736.84, 0.19098299], [11744.01, 2.0], [11744.14, 2.0], [11747.71, 4.0], [11748.17, 0.59966618], [11749.09, 1.0], [11749.33, 1.2627], [11756.37, 2.0]], "ts": 1565344535431}
{"bids": [[11733.52, 0.06749688], [11733.51, 0.06749688], [11733.5, 2.0], [11733.49, 0.10634993], [11732.59, 2.0], [11732.47, 2.0], [11726.34, 0.629], [11725.93, 3.40033382], [11725.14, 4.0], [11714.82, 6.3446]], "asks": [[11734.28, 3.86280238], [11736.84, 0.19098299], [11744.01, 2.0], [11744.14, 2.0], [11747.71, 4.0], [11748.17, 0.59966618], [11749.09, 1.0], [11749.33, 1.2627], [11756.37, 2.0]], "ts": 1565344535431}
{"bids": [[11733.52, 0.06749688], [11733.51, 0.06749688], [11733.5, 2.0], [11733.49, 0.10634993], [11732.59, 2.0], [11732.47, 2.0], [11726.34, 0.629], [11725.93, 3.40033382], [11725.14, 4.0], [11714.82, 6.3446]], "asks": [[11734.28, 3.86280238], [11736.84, 0.19098299], [11744.01, 2.0], [11744.14, 2.0], [11747.71, 4.0], [11748.17, 0.59966618], [11749.09, 1.0], [11749.33, 1.2627], [11756.37, 2.0]], "ts": 1565344535432}
{"bids": [[11733.52, 0.06749688], [11733.51, 0.06749688], [11733.5, 2.0], [11733.49, 0.10634993], [11733.09, 1.2696], [11732.59, 2.0], [11732.47, 2.0], [11726.34, 0.629], [11725.93, 3.40033382], [11725.14, 4.0]], "asks": [[11734.28, 3.86280238], [11736.84, 0.19098299], [11744.01, 2.0], [11744.14, 2.0], [11747.71, 4.0], [11748.17, 0.59966618], [11749.09, 1.0], [11749.33, 1.2627], [11756.37, 2.0]], "ts": 1565344535432}
{"bids": [[11733.52, 0.06749688], [11733.51, 0.06749688], [11733.5, 2.0], [11733.49, 0.10634993], [11733.09, 1.2696], [11732.59, 2.0], [11732.47, 2.0], [11726.34, 0.629], [11725.93, 3.40033382], [11725.14, 4.0]], "asks": [[11734.28, 3.86280238], [11736.84, 0.19098299], [11744.01, 2.0], [11744.14, 2.0], [11747.71, 4.0], [11748.17, 0.59966618], [11749.09, 1.0], [11749.33, 1.2627], [11756.37, 2.0]], "ts": 1565344535433}
{"bids": [[11733.52, 0.17249688], [11733.51, 0.06749688], [11733.5, 2.0], [11733.49, 0.10634993], [11733.09, 1.2696], [11732.59, 2.0], [11732.47, 2.0], [11726.34, 0.629], [11725.93, 3.40033382], [11725.14, 4.0]], "asks": [[11734.28, 3.86280238], [11736.84, 0.19098299], [11744.01, 2.0], [11744.14, 2.0], [11747.71, 4.0], [11748.17, 0.59966618], [11749.09, 1.0], [11749.33, 1.2627], [11756.37, 2.0]], "ts": 1565344535434}
{"bids": [[11733.52, 0.17249688], [11733.51, 0.06749688], [11733.5, 2.0], [11733.49, 0.10634993], [11733.09, 1.2696], [11732.59, 2.0], [11732.47, 2.0], [11726.34, 0.629], [11725.93, 3.40033382], [11725.14, 4.0]], "asks": [[11734.28, 3.86280238], [11736.84, 0.19098299], [11744.01, 2.0], [11744.14, 2.0], [11747.71, 4.0], [11748.17, 0.59966618], [11749.09, 1.0], [11749.33, 1.2627], [11756.37, 2.0]], "ts": 1565344535434}
{"bids": [[11733.52, 0.17249688], [11733.51, 0.06749688], [11733.5, 2.0], [11733.49, 0.10634993], [11733.09, 1.2696], [11732.59, 2.0], [11732.47, 2.0], [11726.34, 0.629], [11725.93, 3.40033382], [11725.14, 4.0]], "asks": [[11734.28, 3.86280238], [11736.84, 0.19098299], [11744.01, 2.0], [11744.14, 2.0], [11747.71, 4.0], [11748.17, 0.59966618], [11749.09, 1.0], [11749.33, 1.2627], [11756.37, 2.0]], "ts": 1565344535435}
{"bids": [[11733.52, 0.17249688], [11733.51, 0.06749688], [11733.5, 2.0], [11733.49, 0.10634993], [11733.09, 1.2696], [11732.59, 2.0], [11732.47, 2.0], [11726.34, 0.629], [11725.93, 3.40033382], [11725.14, 4.0]], "asks": [[11734.28, 3.86280238], [11736.84, 0.19098299], [11744.01, 2.0], [11744.14, 2.0], [11747.71, 4.0], [11748.17, 0.59966618], [11749.09, 1.0], [11749.33, 1.2627], [11756.37, 2.0], [11773.17, 5.0]], "ts": 1565344535435}
{"bids": [[11733.52, 0.17249688], [11733.51, 0.06749688], [11733.5, 2.0], [11733.49, 0.10634993], [11733.09, 1.2696], [11732.59, 2.0], [11732.47, 2.0], [11726.34, 0.629], [11725.93, 3.40033382], [11725.14, 4.0]], "asks": [[11734.28, 3.86280238], [11736.84, 0.19098299], [11744.01, 2.0], [11744.14, 2.0], [11747.71, 4.0], [11748.17, 0.59966618], [11749.09, 1.0], [11749.33, 1.2627], [11756.37, 2.0], [11773.17, 5.0]], "ts": 1565344535436}
{"bids": [[11733.52, 0.17249688], [11733.51, 0.06749688], [11733.5, 2.0], [11733.49, 0.10634993], [11733.09, 1.2696], [11732.59, 2.0], [11732.47, 2.0], [11726.34, 0.629], [11725.93, 3.40033382], [11725.14, 4.0]], "asks": [[11734.28, 3.86280238], [11736.84, 0.19098299], [11744.01, 2.0], [11744.14, 2.0], [11747.71, 4.0], [11748.17, 0.59966618], [11749.09, 1.0], [11749.33, 1.2627], [11756.37, 2.0], [11773.17, 5.0]], "ts": 1565344535436}
{"bids": [[11733.52, 0.17249688], [11733.51, 0.06749688], [11733.5, 2.0], [11733.49, 0.10634993], [11733.09, 1.2696], [11732.59, 2.0], [11732.47, 2.0], [11726.34, 0.629], [11725.93, 3.40033382], [11725.14, 4.0]], "asks": [[11734.28, 3.86280238], [11736.84, 0.19098299], [11744.01, 2.0], [11744.14, 2.0], [11747.71, 4.0], [11749.09, 1.0], [11749.33, 1.2627], [11756.37, 2.0], [11773.17, 5.0]], "ts": 1565344535437}
{"bids": [[11733.52, 0.17249688], [11733.51, 0.06749688], [11733.5, 2.0], [11733.49, 0.10634993], [11733.09, 1.2696], [11732.59, 2.0], [11732.47, 2.0], [11726.34, 0.629], [11725.93, 3.40033382], [11725.14, 4.0]], "asks": [[11734.28, 3.86280238], [11736.84, 0.19098299], [11744.01, 2.0], [11744.14, 2.0], [11747.71, 4.0], [11749.09, 1.0], [11749.33, 1.2627], [11752.29, 0.59966618], [11756.37, 2.0], [11773.17, 5.0]], "ts": 1565344535437}
{"bids": [[11733.52, 0.17249688], [11733.51, 0.06749688], [11733.5, 2.0], [11733.49, 0.10634993], [11733.09, 1.2696], [11732.47, 2.0], [11726.34, 0.629], [11725.93, 3.40033382], [11725.14, 4.0]], "asks": [[11734.28, 3.86280238], [11736.84, 0.19098299], [11744.01, 2.0], [11744.14, 2.0], [11747.71, 4.0], [11749.09, 1.0], [11749.33, 1.2627], [11752.29, 0.59966618], [11756.37, 2.0], [11773.17, 5.0]], "ts": 1565344535438}
{"bids": [[11733.52, 0.17249688], [11733.51, 0.06749688], [11733.5, 2.0], [11733.49, 0.10634993], [11733.09, 1.2696], [11732.47, 2.0], [11726.34, 0.629], [11725.93, 3.40033382], [11725.14, 4.0]], "asks": [[11734.28, 3.86280238], [11736.84, 0.19098299], [11744.01, 2.0], [11747.71, 4.0], [11749.09, 1.0], [11749.33, 1.2627], [11752.29, 0.59966618], [11756.37, 2.0], [11773.17, 5.0]], "ts": 1565344535438}
{"bids": [[11733.52, 0.17249688], [11733.51, 0.06749688], [11733.5, 2.0], [11733.49, 0.10634993], [11733.09, 1.2696], [11732.47, 2.0], [11726.34, 0.629], [11725.93, 3.40033382]], "asks": [[11734.28, 3.86280238], [11736.84, 0.19098299], [11744.01, 2.0], [11747.71, 4.0], [11749.09, 1.0], [11749.33, 1.2627], [11752.29, 0.59966618], [11756.37, 2.0], [11773.17, 5.0]], "ts": 1565344535439}
{"bids": [[11733.52, 0.17249688], [11733.51, 0.06749688], [11733.5, 2.0], [11733.49, 0.10634993], [11733.09, 1.2696], [11732.47, 2.0], [11726.34, 0.629], [11725.93, 3.40033382]], "asks": [[11734.28, 3.86280238], [11736.84, 0.19098299], [11744.01, 2.0], [11749.09, 1.0], [11749.33, 1.2627], [11752.29, 0.59966618], [11756.37, 2.0], [11773.17, 5.0]], "ts": 1565344535439}
{"bids": [[11733.94, 2.0], [11733.52, 0.17249688], [11733.51, 0.06749688], [11733.5, 2.0], [11733.49, 0.10634993], [11733.09, 1.2696], [11732.47, 2.0], [11726.34, 0.629], [11725.93, 3.40033382]], "asks": [[11734.28, 3.86280238], [11736.84, 0.19098299], [11744.01, 2.0], [11749.09, 1.0], [11749.33, 1.2627], [11752.29, 0.59966618], [11756.37, 2.0], [11773.17, 5.0]], "ts": 1565344535440}
{"bids": [[11733.95, 0.06749674], [11733.94, 2.0], [11733.52, 0.17249688], [11733.51, 0.06749688], [11733.5, 2.0], [11733.49, 0.10634993], [11733.09, 1.2696], [11732.47, 2.0], [11726.34, 0.629], [11725.93, 3.40033382]], "asks": [[11734.28, 3.86280238], [11736.84, 0.19098299], [11744.01, 2.0], [11749.09, 1.0], [11749.33, 1.2627], [11752.29, 0.59966618], [11756.37, 2.0], [11773.17, 5.0]], "ts": 1565344535440}
{"bids": [[11733.95, 0.06749674], [11733.94, 2.0], [11733.52, 0.105], [11733.51, 0.06749688], [11733.5, 2.0], [11733.49, 0.10634993], [11733.09, 1.2696], [11732.47, 2.0], [11726.34, 0.629], [11725.93, 3.40033382]], "asks": [[11734.28, 3.86280238], [11736.84, 0.19098299], [11744.01, 2.0], [11749.09, 1.0], [11749.33, 1.2627], [11752.29, 0.59966618], [11756.37, 2.0], [11773.17, 5.0]], "ts": 1565344535441}
{"bids": [[11733.95, 0.13499348], [11733.94, 2.0], [11733.52, 0.105], [11733.51, 0.06749688], [11733.5, 2.0], [11733.49, 0.10634993], [11733.09, 1.2696], [11732.47, 2.0], [11726.34, 0.629], [11725.93, 3.40033382]], "asks": [[11734.28, 3.86280238], [11736.84, 0.19098299], [11744.01, 2.0], [11749.09, 1.0], [11749.33, 1.2627], [11752.29, 0.59966618], [11756.37, 2.0], [11773.17, 5.0]], "ts": 1565344535441}
{"bids": [[11733.95, 0.13499348], [11733.94, 2.0], [11733.52, 0.105], [11733.5, 2.0], [11733.49, 0.10634993], [11733.09, 1.2696], [11732.47, 2.0], [11726.34, 0.629], [11725.93, 3.40033382]], "asks": [[11734.28, 3.86280238], [11736.84, 0.19098299], [11744.01, 2.0], [11749.09, 1.0], [11749.33, 1.2627], [11752.29, 0.59966618], [11756.37, 2.0], [11773.17, 5.0]], "ts": 1565344535442}
{"bids": [[11733.95, 0.13499348], [11733.94, 2.0], [11733.52, 0.105], [11733.5, 2.0], [11733.49, 0.10634993], [11733.09, 1.2696], [11732.47, 2.0], [11726.34, 0.629], [11725.93, 3.40033382]], "asks": [[11734.28, 3.86280238], [11736.84, 0.19098299], [11744.01, 2.0], [11745.49, 2.0], [11749.09, 1.0], [11749.33, 1.2627], [11752.29, 0.59966618], [11756.37, 2.0], [11773.17, 5.0]], "ts": 1565344535442}
{"bids": [[11733.96, 2.0], [11733.95, 0.13499348], [11733.94, 2.0], [11733.52, 0.105], [11733.5, 2.0], [11733.49, 0.10634993], [11733.09, 1.2696], [11732.47, 2.0], [11726.34, 0.629], [11725.93, 3.40033382]], "asks": [[11734.28, 3.86280238], [11736.84, 0.19098299], [11744.01, 2.0], [11745.49, 2.0], [11749.09, 1.0], [11749.33, 1.2627], [11752.29, 0.59966618], [11756.37, 2.0], [11773.17, 5.0]], "ts": 1565344535443}
{"bids": [[11733.96, 2.0], [11733.95, 0.13499348], [11733.94, 2.0], [11733.52, 0.105], [11733.5, 2.0], [11733.49, 0.10634993], [11733.09, 1.2696], [11732.47, 2.0], [11726.34, 0.629], [11725.93, 3.40033382]], "asks": [[11734.28, 3.86280238], [11736.84, 0.19098299], [11744.01, 2.0], [11745.49, 2.0], [11749.09, 1.0], [11749.33, 1.2627], [11752.29, 0.59966618], [11756.37, 2.0], [11773.17, 5.0]], "ts": 1565344535443}
{"bids": [[11733.96, 2.0], [11733.95, 0.13499348], [11733.94, 2.0], [11733.52, 0.105], [11733.5, 2.0], [11733.49, 0.10634993], [11733.09, 1.2696], [11732.47, 2.0], [11728.43, 4.0], [11726.34, 0.629]], "asks": [[11734.28, 3.86280238], [11736.84, 0.19098299], [11744.01, 2.0], [11745.49, 2.0], [11749.09, 1.0], [11749.33, 1.2627], [11752.29, 0.59966618], [11756.37, 2.0], [11773.17, 5.0]], "ts": 1565344535444}
{"bids": [[11733.96, 2.0], [11733.95, 0.13499348], [11733.94, 2.0], [11733.52, 0.105], [11733.5, 2.0], [11733.49, 0.10634993], [11733.09, 1.2696], [11732.47, 2.0], [11728.43, 4.0], [11726.34, 0.629]], "asks": [[11734.28, 3.86280238], [11736.84, 0.19098299], [11744.01, 2.0], [11745.49, 2.0], [11749.09, 1.0], [11749.33, 1.2627], [11751.0, 4.0], [11752.29, 0.59966618], [11756.37, 2.0], [11773.17, 5.0]], "ts": 1565344535444}
{"bids": [[11733.96, 2.0], [11733.95, 0.13499348], [11733.94, 2.0], [11733.52, 0.105], [11733.5, 2.0], [11733.49, 0.10634993], [11733.09, 1.2696], [11728.43, 4.0], [11726.34, 0.629]], "asks": [[11734.28, 3.86280238], [11736.84, 0.19098299], [11744.01, 2.0], [11745.49, 2.0], [11749.09, 1.0], [11749.33, 1.2627], [11751.0, 4.0], [11752.29, 0.59966618], [11756.37, 2.0], [11773.17, 5.0]], "ts": 1565344535444}
{"bids": [[11733.96, 2.0], [11733.95, 0.13499348], [11733.94, 2.0], [11733.52, 0.105], [11733.5, 2.0], [11733.49, 0.10634993], [11733.09, 1.2696], [11728.43, 4.0], [11726.34, 0.629]], "asks": [[11734.28, 3.86280238], [11736.84, 0.19098299], [11745.49, 2.0], [11749.09, 1.0], [11749.33, 1.2627], [11751.0, 4.0], [11752.29, 0.59966618], [11756.37, 2.0], [11773.17, 5.0]], "ts": 1565344535445}
{"bids": [[11733.96, 2.0], [11733.95, 0.13499348], [11733.94, 2.0], [11733.5, 2.0], [11733.49, 0.10634993], [11733.09, 1.2696], [11728.43, 4.0], [11726.34, 0.629]], "asks": [[11734.28, 3.86280238], [11736.84, 0.19098299], [11745.49, 2.0], [11749.09, 1.0], [11749.33, 1.2627], [11751.0, 4.0], [11752.29, 0.59966618], [11756.37, 2.0], [11773.17, 5.0]], "ts": 1565344535609}
{"bids": [[11733.96, 2.0], [11733.95, 0.24399348], [11733.94, 2.0], [11733.5, 2.0], [11733.49, 0.10634993], [11733.09, 1.2696], [11728.43, 4.0], [11726.34, 0.629]], "asks": [[11734.28, 3.86280238], [11736.84, 0.19098299], [11745.49, 2.0], [11749.09, 1.0], [11749.33, 1.2627], [11751.0, 4.0], [11752.29, 0.59966618], [11756.37, 2.0], [11773.17, 5.0]], "ts": 1565344535609}
{"bids": [[11734.27, 2.0], [11733.96, 2.0], [11733.95, 0.24399348], [11733.94, 2.0], [11733.5, 2.0], [11733.49, 0.10634993], [11733.09, 1.2696], [11728.43, 4.0], [11726.34, 0.629]], "asks": [[11734.28, 3.86280238], [11736.84, 0.19098299], [11745.49, 2.0], [11749.09, 1.0], [11749.33, 1.2627], [11751.0, 4.0], [11752.29, 0.59966618], [11756.37, 2.0], [11773.17, 5.0]], "ts": 1565344535615}
{"bids": [[11734.27, 45.8], [11733.96, 2.0], [11733.95, 0.24399348], [11733.94, 2.0], [11733.5, 2.0], [11733.49, 0.10634993], [11733.09, 1.2696], [11728.43, 4.0], [11726.34, 0.629]], "asks": [[11734.28, 3.86280238], [11736.84, 0.19098299], [11745.49, 2.0], [11749.09, 1.0], [11749.33, 1.2627], [11751.0, 4.0], [11752.29, 0.59966618], [11756.37, 2.0], [11773.17, 5.0]], "ts": 1565344535616}
{"bids": [[11734.27, 45.8], [11733.96, 2.0], [11733.95, 0.24399348], [11733.94, 2.0], [11733.5, 2.0], [11733.49, 0.10634993], [11733.09, 1.2696], [11728.43, 4.0], [11726.34, 0.629]], "asks": [[11734.28, 3.86280238], [11736.84, 0.19098299], [11745.49, 2.0], [11746.01, 2.0], [11749.09, 1.0], [11749.33, 1.2627], [11751.0, 4.0], [11752.29, 0.59966618], [11756.37, 2.0], [11773.17, 5.0]], "ts": 1565344535617}
{"bids": [[11734.27, 47.8], [11733.96, 2.0], [11733.95, 0.24399348], [11733.94, 2.0], [11733.5, 2.0], [11733.49, 0.10634993], [11733.09, 1.2696], [11728.43, 4.0], [11726.34, 0.629]], "asks": [[11734.28, 3.86280238], [11736.84, 0.19098299], [11745.49, 2.0], [11746.01, 2.0], [11749.09, 1.0], [11749.33, 1.2627], [11751.0, 4.0], [11752.29, 0.59966618], [11756.37, 2.0], [11773.17, 5.0]], "ts": 1565344535617}
{"bids": [[11734.27, 47.8], [11733.96, 2.0], [11733.95, 0.24399348], [11733.94, 2.0], [11733.5, 2.0], [11733.49, 0.10634993], [11733.09, 1.2696], [11729.71, 3.40033382], [11728.43, 4.0], [11726.34, 0.629]], "asks": [[11734.28, 3.86280238], [11736.84, 0.19098299], [11745.49, 2.0], [11746.01, 2.0], [11749.09, 1.0], [11749.33, 1.2627], [11751.0, 4.0], [11752.29, 0.59966618], [11756.37, 2.0], [11773.17, 5.0]], "ts": 1565344535618}
{"bids": [[11734.27, 47.8], [11733.96, 2.0], [11733.95, 0.24399348], [11733.94, 2.0], [11733.5, 2.0], [11733.49, 0.10634993], [11733.09, 1.2696], [11729.71, 3.40033382], [11728.43, 4.0], [11726.34, 0.629]], "asks": [[11734.28, 3.86280238], [11736.84, 0.19098299], [11745.49, 2.0], [11746.01, 2.0], [11749.09, 1.0], [11749.33, 1.2627], [11751.0, 4.0], [11752.29, 0.59966618], [11756.37, 2.0], [11773.17, 5.0]], "ts": 1565344535618}
{"bids": [[11734.27, 47.8], [11733.96, 2.0], [11733.95, 0.13499348], [11733.94, 2.0], [11733.5, 2.0], [11733.49, 0.10634993], [11733.09, 1.2696], [11729.71, 3.40033382], [11728.43, 4.0], [11726.34, 0.629]], "asks": [[11734.28, 3.86280238], [11736.84, 0.19098299], [11745.49, 2.0], [11746.01, 2.0], [11749.09, 1.0], [11749.33, 1.2627], [11751.0, 4.0], [11752.29, 0.59966618], [11756.37, 2.0], [11773.17, 5.0]], "ts": 1565344535619}
{"bids": [[11734.27, 47.8], [11734.03, 0.124], [11733.96, 2.0], [11733.95, 0.13499348], [11733.94, 2.0], [11733.5, 2.0], [11733.49, 0.10634993], [11733.09, 1.2696], [11729.71, 3.40033382], [11728.43, 4.0]], "asks": [[11734.28, 3.86280238], [11736.84, 0.19098299], [11745.49, 2.0], [11746.01, 2.0], [11749.09, 1.0], [11749.33, 1.2627], [11751.0, 4.0], [11752.29, 0.59966618], [11756.37, 2.0], [11773.17, 5.0]], "ts": 1565344535619}
{"bids": [[11734.27, 47.8], [11734.03, 0.124], [11733.96, 2.0], [11733.95, 0.13499348], [11733.5, 2.0], [11733.49, 0.10634993], [11733.09, 1.2696], [11729.71, 3.40033382], [11728.43, 4.0]], "asks": [[11734.28, 3.86280238], [11736.84, 0.19098299], [11745.49, 2.0], [11746.01, 2.0], [11749.09, 1.0], [11749.33, 1.2627], [11751.0, 4.0], [11752.29, 0.59966618], [11756.37, 2.0], [11773.17, 5.0]], "ts": 1565344535620}
{"bids": [[11734.27, 47.8], [11734.03, 0.124], [11733.96, 2.0], [11733.95, 0.13499348], [11733.5, 2.0], [11733.49, 0.10634993], [11733.09, 1.2696], [11729.71, 3.40033382], [11728.43, 4.0]], "asks": [[11734.28, 3.86280238], [11736.84, 0.19098299], [11746.01, 2.0], [11749.09, 1.0], [11749.33, 1.2627], [11751.0, 4.0], [11752.29, 0.59966618], [11756.37, 2.0], [11773.17, 5.0]], "ts": 1565344535621}
{"bids": [[11734.27, 47.8], [11734.03, 0.124], [11733.96, 2.0], [11733.95, 0.13499348], [11733.5, 2.0], [11733.49, 0.10634993], [11733.09, 1.2696], [11729.71, 3.40033382]], "asks": [[11734.28, 3.86280238], [11736.84, 0.19098299], [11746.01, 2.0], [11749.09, 1.0], [11749.33, 1.2627], [11751.0, 4.0], [11752.29, 0.59966618], [11756.37, 2.0], [11773.17, 5.0]], "ts": 1565344535621}
{"bids": [[11734.27, 47.8], [11734.03, 0.124], [11733.96, 2.0], [11733.95, 0.13499348], [11733.5, 2.0], [11733.49, 0.10634993], [11733.09, 1.2696], [11729.71, 3.40033382]], "asks": [[11734.28, 3.86280238], [11736.84, 0.19098299], [11746.01, 2.0], [11749.09, 1.0], [11749.33, 1.2627], [11752.29, 0.59966618], [11756.37, 2.0], [11773.17, 5.0]], "ts": 1565344535621}
{"bids": [[11734.27, 49.8], [11734.03, 0.124], [11733.96, 2.0], [11733.95, 0.13499348], [11733.5, 2.0], [11733.49, 0.10634993], [11733.09, 1.2696], [11729.71, 3.40033382]], "asks": [[11734.28, 3.86280238], [11736.84, 0.19098299], [11746.01, 2.0], [11749.09, 1.0], [11749.33, 1.2627], [11752.29, 0.59966618], [11756.37, 2.0], [11773.17, 5.0]], "ts": 1565344535622}
{"bids": [[11734.27, 49.8], [11734.03, 0.124], [11733.96, 2.0], [11733.95, 0.13499348], [11733.5, 2.0], [11733.49, 0.10634993], [11733.09, 1.2696], [11729.71, 3.40033382]], "asks": [[11734.28, 3.86280238], [11736.84, 0.19098299], [11746.01, 2.0], [11747.93, 2.0], [11749.09, 1.0], [11749.33, 1.2627], [11752.29, 0.59966618], [11756.37, 2.0], [11773.17, 5.0]], "ts": 1565344535622}
{"bids": [[11734.27, 49.8], [11734.03, 0.124], [11733.96, 2.0], [11733.95, 0.13499348], [11733.5, 2.0], [11733.49, 0.10634993], [11733.09, 1.2696], [11730.87, 4.0], [11729.71, 3.40033382]], "asks": [[11734.28, 3.86280238], [11736.84, 0.19098299], [11746.01, 2.0], [11747.93, 2.0], [11749.09, 1.0], [11749.33, 1.2627], [11752.29, 0.59966618], [11756.37, 2.0], [11773.17, 5.0]], "ts": 1565344535623}
{"bids": [[11734.27, 49.8], [11734.03, 0.124], [11733.96, 2.0], [11733.95, 0.13499348], [11733.5, 2.0], [11733.49, 0.10634993], [11733.09, 1.2696], [11730.87, 4.0], [11729.71, 3.40033382]], "asks": [[11734.28, 3.86280238], [11736.84, 0.19098299], [11746.01, 2.0], [11747.93, 2.0], [11749.09, 1.0], [11749.33, 1.2627], [11752.29, 0.59966618], [11753.45, 4.0], [11756.37, 2.0], [11773.17, 5.0]], "ts": 1565344535623}
{"bids": [[11734.27, 49.8], [11733.96, 2.0], [11733.95, 0.13499348], [11733.5, 2.0], [11733.49, 0.10634993], [11733.09, 1.2696], [11730.87, 4.0], [11729.71, 3.40033382]], "asks": [[11734.28, 3.86280238], [11736.84, 0.19098299], [11746.01, 2.0], [11747.93, 2.0], [11749.09, 1.0], [11749.33, 1.2627], [11752.29, 0.59966618], [11753.45, 4.0], [11756.37, 2.0], [11773.17, 5.0]], "ts": 1565344535624}
{"bids": [[11734.27, 49.8], [11733.96, 2.0], [11733.95, 0.13499348], [11733.5, 2.0], [11733.49, 0.10634993], [11733.09, 1.2696], [11730.87, 4.0], [11729.71, 3.40033382]], "asks": [[11734.28, 3.86280238], [11736.84, 0.19098299], [11746.01, 2.0], [11747.93, 2.0], [11749.09, 1.0], [11749.33, 1.2627], [11752.29, 0.59966618], [11753.45, 4.0], [11756.37, 2.0], [11773.17, 5.0]], "ts": 1565344535624}
{"bids": [[11734.27, 49.8], [11733.96, 2.0], [11733.95, 0.13499348], [11733.5, 2.0], [11733.49, 0.10634993], [11730.87, 4.0], [11729.71, 3.40033382]], "asks": [[11734.28, 3.86280238], [11736.84, 0.19098299], [11746.01, 2.0], [11747.93, 2.0], [11749.09, 1.0], [11749.33, 1.2627], [11752.29, 0.59966618], [11753.45, 4.0], [11756.37, 2.0], [11773.17, 5.0]], "ts": 1565344535625}
{"bids": [[11734.27, 49.945], [11733.96, 2.0], [11733.95, 0.13499348], [11733.5, 2.0], [11733.49, 0.10634993], [11730.87, 4.0], [11729.71, 3.40033382]], "asks": [[11734.28, 3.86280238], [11736.84, 0.19098299], [11746.01, 2.0], [11747.93, 2.0], [11749.09, 1.0], [11749.33, 1.2627], [11752.29, 0.59966618], [11753.45, 4.0], [11756.37, 2.0], [11773.17, 5.0]], "ts": 1565344535625}
{"bids": [[11734.27, 49.945], [11734.0, 1.2639], [11733.96, 2.0], [11733.95, 0.13499348], [11733.5, 2.0], [11733.49, 0.10634993], [11730.87, 4.0], [11729.71, 3.40033382]], "asks": [[11734.28, 3.86280238], [11736.84, 0.19098299], [11746.01, 2.0], [11747.93, 2.0], [11749.09, 1.0], [11749.33, 1.2627], [11752.29, 0.59966618], [11753.45, 4.0], [11756.37, 2.0], [11773.17, 5.0]], "ts": 1565344535626}
{"bids": [[11734.27, 49.945], [11734.0, 1.2639], [11733.96, 2.0], [11733.95, 0.13499348], [11733.5, 2.0], [11733.49, 0.10634993], [11730.87, 4.0], [11729.71, 3.40033382]], "asks": [[11734.28, 3.86280238], [11736.84, 0.19098299], [11746.01, 2.0], [11747.93, 2.0], [11749.09, 1.0], [11749.33, 1.2627], [11752.29, 0.59966618], [11753.45, 4.0], [11756.37, 2.0], [11773.17, 5.0]], "ts": 1565344535626}
{"bids": [[11734.27, 49.945], [11734.0, 1.2639], [11733.96, 2.0], [11733.95, 0.13499348], [11733.5, 2.0], [11733.49, 0.10634993], [11730.87, 4.0], [11729.94, 0.803], [11729.71, 3.40033382]], "asks": [[11734.28, 3.86280238], [11736.84, 0.19098299], [11746.01, 2.0], [11747.93, 2.0], [11749.09, 1.0], [11749.33, 1.2627], [11752.29, 0.59966618], [11753.45, 4.0], [11756.37, 2.0], [11773.17, 5.0]], "ts": 1565344535632}
{"bids": [[11734.27, 49.945], [11734.0, 1.2639], [11733.96, 2.0], [11733.95, 0.13499348], [11733.5, 2.0], [11733.49, 0.10634993], [11730.87, 4.0], [11729.94, 0.803], [11729.71, 3.40033382]], "asks": [[11734.28, 3.86280238], [11736.84, 0.19098299], [11746.01, 2.0], [11747.93, 2.0], [11749.09, 1.0], [11749.33, 1.2627], [11752.29, 0.59966618], [11753.45, 4.0], [11756.37, 2.0], [11773.17, 5.0]], "ts": 1565344535633}
{"bids": [[11734.27, 49.945], [11734.0, 1.2639], [11733.96, 2.0], [11733.95, 0.13499348], [11733.5, 2.0], [11733.49, 0.10634993], [11730.87, 4.0], [11729.94, 0.803], [11729.71, 3.40033382]], "asks": [[11734.28, 3.86280238], [11736.84, 0.19098299], [11746.01, 2.0], [11747.93, 2.0], [11749.09, 1.0], [11749.33, 1.2627], [11752.29, 0.59966618], [11753.45, 4.0], [11756.37, 2.0], [11763.24, 0.456]], "ts": 1565344535634}
{"bids": [[11734.27, 49.945], [11734.0, 1.2639], [11733.96, 2.0], [11733.95, 0.13499348], [11733.5, 2.0], [11733.49, 0.10634993], [11730.87, 4.0], [11729.94, 0.803], [11729.71, 3.40033382]], "asks": [[11734.28, 3.86280238], [11736.84, 0.19098299], [11746.01, 2.0], [11747.93, 2.0], [11749.09, 1.0], [11749.33, 1.2627], [11752.29, 0.59966618], [11753.45, 4.0], [11756.37, 2.0], [11763.24, 0.456]], "ts": 1565344535635}
{"bids": [[11734.27, 49.945], [11734.0, 1.2639], [11733.96, 2.0], [11733.95, 0.13499348], [11733.5, 2.0], [11733.49, 0.10634993], [11730.87, 4.0], [11729.94, 0.803], [11729.71, 3.40033382]], "asks": [[11734.28, 3.86280238], [11736.84, 0.19098299], [11746.01, 2.0], [11747.93, 2.0], [11749.09, 1.0], [11752.29, 0.59966618], [11753.45, 4.0], [11756.37, 2.0], [11763.24, 0.456]], "ts": 1565344535635}
{"bids": [[11734.27, 49.945], [11734.0, 1.2639], [11733.96, 2.0], [11733.95, 0.13499348], [11733.5, 2.0], [11733.49, 0.10634993], [11730.87, 4.0], [11729.94, 0.803], [11729.71, 3.40033382]], "asks": [[11734.28, 3.86280238], [11736.84, 0.19098299], [11746.01, 2.0], [11747.93, 2.0], [11749.09, 1.0], [11752.29, 0.59966618], [11753.45, 4.0], [11756.37, 2.0], [11763.24, 0.456]], "ts": 1565344535636}
{"bids": [[11734.27, 49.945], [11734.0, 1.2639], [11733.96, 2.0], [11733.95, 0.13499348], [11733.5, 2.0], [11733.49, 0.10634993], [11730.87, 4.0], [11729.94, 0.803], [11729.71, 3.40033382]], "asks": [[11734.28, 3.86280238], [11736.84, 0.19098299], [11746.01, 2.0], [11747.93, 2.0], [11749.09, 1.0], [11752.29, 0.59966618], [11753.45, 4.0], [11756.37, 2.0], [11763.24, 0.456]], "ts": 1565344535841}
{"bids": [[11734.27, 49.945], [11734.0, 1.2639], [11733.96, 2.0], [11733.95, 0.13499348], [11733.5, 2.0], [11733.49, 0.10634993], [11730.87, 4.0], [11729.94, 0.803], [11729.71, 3.40033382]], "asks": [[11734.28, 3.86280238], [11736.84, 0.19098299], [11746.01, 2.0], [11747.93, 2.0], [11749.09, 1.0], [11752.29, 0.59966618], [11753.45, 4.0], [11756.37, 2.0], [11763.24, 0.456], [11770.43, 10.0]], "ts": 1565344535842}
{"bids": [[11734.27, 49.945], [11734.0, 1.2639], [11733.96, 2.0], [11733.95, 0.13499348], [11733.5, 2.0], [11733.49, 0.10634993], [11730.87, 4.0], [11729.94, 0.803], [11729.71, 3.40033382], [11723.44, 10.0]], "asks": [[11734.28, 3.86280238], [11736.84, 0.19098299], [11746.01, 2.0], [11747.93, 2.0], [11749.09, 1.0], [11752.29, 0.59966618], [11753.45, 4.0], [11756.37, 2.0], [11763.24, 0.456], [11770.43, 10.0]], "ts": 1565344535848}
{"bids": [[11734.27, 49.945], [11734.0, 1.2639], [11733.96, 2.0], [11733.95, 0.13499348], [11733.5, 2.0], [11733.49, 0.10634993], [11730.87, 4.0], [11729.94, 0.803], [11729.71, 3.40033382], [11723.44, 10.0]], "asks": [[11736.84, 0.19098299], [11746.01, 2.0], [11747.93, 2.0], [11749.09, 1.0], [11752.29, 0.59966618], [11753.45, 4.0], [11756.37, 2.0], [11763.24, 0.456], [11770.43, 10.0]], "ts": 1565344535848}
{"bids": [[11734.27, 49.945], [11734.0, 1.2639], [11733.96, 2.0], [11733.95, 0.13499348], [11733.5, 2.0], [11733.49, 0.10634993], [11730.87, 4.0], [11729.94, 0.803], [11729.71, 3.40033382], [11724.83, 1.0]], "asks": [[11736.84, 0.19098299], [11746.01, 2.0], [11747.93, 2.0], [11749.09, 1.0], [11752.29, 0.59966618], [11753.45, 4.0], [11756.37, 2.0], [11763.24, 0.456], [11770.43, 10.0]], "ts": 1565344535849}
{"bids": [[11734.27, 47.945], [11734.0, 1.2639], [11733.96, 2.0], [11733.95, 0.13499348], [11733.5, 2.0], [11733.49, 0.10634993], [11730.87, 4.0], [11729.94, 0.803], [11729.71, 3.40033382], [11724.83, 1.0]], "asks": [[11736.84, 0.19098299], [11746.01, 2.0], [11747.93, 2.0], [11749.09, 1.0], [11752.29, 0.59966618], [11753.45, 4.0], [11756.37, 2.0], [11763.24, 0.456], [11770.43, 10.0]], "ts": 1565344535850}
{"bids": [[11734.27, 45.945], [11734.0, 1.2639], [11733.96, 2.0], [11733.95, 0.13499348], [11733.5, 2.0], [11733.49, 0.10634993], [11730.87, 4.0], [11729.94, 0.803], [11729.71, 3.40033382], [11724.83, 1.0]], "asks": [[11736.84, 0.19098299], [11746.01, 2.0], [11747.93, 2.0], [11749.09, 1.0], [11752.29, 0.59966618], [11753.45, 4.0], [11756.37, 2.0], [11763.24, 0.456], [11770.43, 10.0]], "ts": 1565344535850}
{"bids": [[11736.39, 2.0], [11734.27, 45.945], [11734.0, 1.2639], [11733.96, 2.0], [11733.95, 0.13499348], [11733.5, 2.0], [11733.49, 0.10634993], [11730.87, 4.0], [11729.94, 0.803], [11729.71, 3.40033382]], "asks": [[11736.84, 0.19098299], [11746.01, 2.0], [11747.93, 2.0], [11749.09, 1.0], [11752.29, 0.59966618], [11753.45, 4.0], [11756.37, 2.0], [11763.24, 0.456], [11770.43, 10.0]], "ts": 1565344535851}
{"bids": [[11736.4, 2.0], [11736.39, 2.0], [11734.27, 45.945], [11734.0, 1.2639], [11733.96, 2.0], [11733.95, 0.13499348], [11733.5, 2.0], [11733.49, 0.10634993], [11730.87, 4.0], [11729.94, 0.803]], "asks": [[11736.84, 0.19098299], [11746.01, 2.0], [11747.93, 2.0], [11749.09, 1.0], [11752.29, 0.59966618], [11753.45, 4.0], [11756.37, 2.0], [11763.24, 0.456], [11770.43, 10.0]], "ts": 1565344535851}
{"bids": [[11736.4, 2.06749674], [11736.39, 2.0], [11734.27, 45.945], [11734.0, 1.2639], [11733.96, 2.0], [11733.95, 0.13499348], [11733.5, 2.0], [11733.49, 0.10634993], [11730.87, 4.0], [11729.94, 0.803]], "asks": [[11736.84, 0.19098299], [11746.01, 2.0], [11747.93, 2.0], [11749.09, 1.0], [11752.29, 0.59966618], [11753.45, 4.0], [11756.37, 2.0], [11763.24, 0.456], [11770.43, 10.0]], "ts": 1565344535852}
{"bids": [[11736.4, 2.06749674], [11736.39, 2.0], [11734.27, 45.945], [11734.0, 1.2639], [11733.96, 2.0], [11733.95, 0.13499348], [11733.49, 0.10634993], [11730.87, 4.0], [11729.94, 0.803]], "asks": [[11736.84, 0.19098299], [11746.01, 2.0], [11747.93, 2.0], [11749.09, 1.0], [11752.29, 0.59966618], [11753.45, 4.0], [11756.37, 2.0], [11763.24, 0.456], [11770.43, 10.0]], "ts": 1565344535853}
{"bids": [[11736.4, 2.06749674], [11736.39, 2.0], [11734.27, 45.945], [11734.0, 1.2639], [11733.96, 2.0], [11733.95, 0.06749674], [11733.49, 0.10634993], [11730.87, 4.0], [11729.94, 0.803]], "asks": [[11736.84, 0.19098299], [11746.01, 2.0], [11747.93, 2.0], [11749.09, 1.0], [11752.29, 0.59966618], [11753.45, 4.0], [11756.37, 2.0], [11763.24, 0.456], [11770.43, 10.0]], "ts": 1565344535853}
{"bids": [[11736.4, 2.13499132], [11736.39, 2.0], [11734.27, 45.945], [11734.0, 1.2639], [11733.96, 2.0], [11733.95, 0.06749674], [11733.49, 0.10634993], [11730.87, 4.0], [11729.94, 0.803]], "asks": [[11736.84, 0.19098299], [11746.01, 2.0], [11747.93, 2.0], [11749.09, 1.0], [11752.29, 0.59966618], [11753.45, 4.0], [11756.37, 2.0], [11763.24, 0.456], [11770.43, 10.0]], "ts": 1565344535854}
{"bids": [[11736.4, 2.13499132], [11736.39, 2.0], [11734.27, 45.945], [11734.0, 1.2639], [11733.96, 2.0], [11733.49, 0.10634993], [11730.87, 4.0], [11729.94, 0.803]], "asks": [[11736.84, 0.19098299], [11746.01, 2.0], [11747.93, 2.0], [11749.09, 1.0], [11752.29, 0.59966618], [11753.45, 4.0], [11756.37, 2.0], [11763.24, 0.456], [11770.43, 10.0]], "ts": 1565344535855}
{"bids": [[11736.4, 2.13499132], [11736.39, 2.0], [11734.27, 45.945], [11734.0, 1.2639], [11733.96, 2.0], [11730.87, 4.0], [11729.94, 0.803]], "asks": [[11736.84, 0.19098299], [11746.01, 2.0], [11747.93, 2.0], [11749.09, 1.0], [11752.29, 0.59966618], [11753.45, 4.0], [11756.37, 2.0], [11763.24, 0.456], [11770.43, 10.0]], "ts": 1565344535855}
{"bids": [[11736.4, 2.13499132], [11736.39, 2.0], [11735.35, 2.0], [11734.27, 45.945], [11734.0, 1.2639], [11733.96, 2.0], [11730.87, 4.0], [11729.94, 0.803]], "asks": [[11736.84, 0.19098299], [11746.01, 2.0], [11747.93, 2.0], [11749.09, 1.0], [11752.29, 0.59966618], [11753.45, 4.0], [11756.37, 2.0], [11763.24, 0.456], [11770.43, 10.0]], "ts": 1565344535855}
{"bids": [[11736.4, 2.24134125], [11736.39, 2.0], [11735.35, 2.0], [11734.27, 45.945], [11734.0, 1.2639], [11733.96, 2.0], [11730.87, 4.0], [11729.94, 0.803]], "asks": [[11736.84, 0.19098299], [11746.01, 2.0], [11747.93, 2.0], [11749.09, 1.0], [11752.29, 0.59966618], [11753.45, 4.0], [11756.37, 2.0], [11763.24, 0.456], [11770.43, 10.0]], "ts": 1565344535856}
{"bids": [[11736.4, 2.24134125], [11736.39, 2.0], [11735.35, 2.0], [11734.27, 45.945], [11734.0, 1.2639], [11733.96, 2.0], [11730.87, 4.0], [11729.94, 0.803]], "asks": [[11736.84, 0.19098299], [11746.01, 2.0], [11749.09, 1.0], [11752.29, 0.59966618], [11753.45, 4.0], [11756.37, 2.0], [11763.24, 0.456], [11770.43, 10.0]], "ts": 1565344535856}
{"bids": [[11736.4, 2.24134125], [11736.39, 2.0], [11735.35, 2.0], [11734.27, 45.945], [11734.0, 1.2639], [11733.96, 2.0], [11729.94, 0.803]], "asks": [[11736.84, 0.19098299], [11746.01, 2.0], [11749.09, 1.0], [11752.29, 0.59966618], [11753.45, 4.0], [11756.37, 2.0], [11763.24, 0.456], [11770.43, 10.0]], "ts": 1565344535857}
{"bids": [[11736.4, 2.24134125], [11736.39, 2.0], [11735.35, 2.0], [11734.27, 45.945], [11734.0, 1.2639], [11733.96, 2.0], [11729.94, 0.803]], "asks": [[11736.84, 0.19098299], [11749.09, 1.0], [11752.29, 0.59966618], [11753.45, 4.0], [11756.37, 2.0], [11763.24, 0.456], [11770.43, 10.0]], "ts": 1565344535857}
{"bids": [[11736.4, 2.24134125], [11736.39, 2.0], [11735.35, 2.0], [11734.27, 45.945], [11734.0, 1.2639], [11733.96, 2.0], [11729.94, 0.803]], "asks": [[11736.84, 0.19098299], [11749.09, 1.0], [11752.29, 0.59966618], [11756.37, 2.0], [11763.24, 0.456], [11770.43, 10.0]], "ts": 1565344535858}
{"bids": [[11736.4, 2.24134125], [11736.39, 2.0], [11734.27, 45.945], [11734.0, 1.2639], [11733.96, 2.0], [11729.94, 0.803]], "asks": [[11736.84, 0.19098299], [11749.09, 1.0], [11752.29, 0.59966618], [11756.37, 2.0], [11763.24, 0.456], [11770.43, 10.0]], "ts": 1565344535867}
{"bids": [[11736.4, 2.24134125], [11734.27, 45.945], [11734.0, 1.2639], [11733.96, 2.0], [11729.94, 0.803]], "asks": [[11736.84, 0.19098299], [11749.09, 1.0], [11752.29, 0.59966618], [11756.37, 2.0], [11763.24, 0.456], [11770.43, 10.0]], "ts": 1565344535868}
{"bids": [[11736.4, 2.24134125], [11734.27, 45.945], [11734.0, 1.2639], [11733.96, 2.0], [11729.94, 0.803]], "asks": [[11736.84, 0.19098299], [11749.09, 1.0], [11750.69, 2.0], [11752.29, 0.59966618], [11756.37, 2.0], [11763.24, 0.456], [11770.43, 10.0]], "ts": 1565344535868}
{"bids": [[11736.4, 2.24134125], [11734.27, 45.945], [11734.0, 1.2639], [11733.96, 2.0], [11729.94, 0.803]], "asks": [[11736.84, 0.19098299], [11749.09, 1.0], [11749.6, 2.0], [11750.69, 2.0], [11752.29, 0.59966618], [11756.37, 2.0], [11763.24, 0.456], [11770.43, 10.0]], "ts": 1565344535869}
{"bids": [[11736.4, 2.24134125], [11734.27, 45.945], [11734.0, 1.2639], [11733.96, 2.0], [11733.62, 4.0], [11729.94, 0.803]], "asks": [[11736.84, 0.19098299], [11749.09, 1.0], [11749.6, 2.0], [11750.69, 2.0], [11752.29, 0.59966618], [11756.37, 2.0], [11763.24, 0.456], [11770.43, 10.0]], "ts": 1565344535869}
{"bids": [[11736.83, 2.0], [11736.4, 2.24134125], [11734.27, 45.945], [11734.0, 1.2639], [11733.96, 2.0], [11733.62, 4.0], [11729.94, 0.803]], "asks": [[11736.84, 0.19098299], [11749.09, 1.0], [11749.6, 2.0], [11750.69, 2.0], [11752.29, 0.59966618], [11756.37, 2.0], [11763.24, 0.456], [11770.43, 10.0]], "ts": 1565344535870}
{"bids": [[11736.83, 4.0], [11736.4, 2.24134125], [11734.27, 45.945], [11734.0, 1.2639], [11733.96, 2.0], [11733.62, 4.0], [11729.94, 0.803]], "asks": [[11736.84, 0.19098299], [11749.09, 1.0], [11749.6, 2.0], [11750.69, 2.0], [11752.29, 0.59966618], [11756.37, 2.0], [11763.24, 0.456], [11770.43, 10.0]], "ts": 1565344535870}
{"bids": [[11736.83, 4.06749674], [11736.4, 2.24134125], [11734.27, 45.945], [11734.0, 1.2639], [11733.96, 2.0], [11733.62, 4.0], [11729.94, 0.803]], "asks": [[11736.84, 0.19098299], [11749.09, 1.0], [11749.6, 2.0], [11750.69, 2.0], [11752.29, 0.59966618], [11756.37, 2.0], [11763.24, 0.456], [11770.43, 10.0]], "ts": 1565344535871}
{"bids": [[11736.83, 4.76749674], [11736.4, 2.24134125], [11734.27, 45.945], [11734.0, 1.2639], [11733.96, 2.0], [11733.62, 4.0], [11729.94, 0.803]], "asks": [[11736.84, 0.19098299], [11749.09, 1.0], [11749.6, 2.0], [11750.69, 2.0], [11752.29, 0.59966618], [11756.37, 2.0], [11763.24, 0.456], [11770.43, 10.0]], "ts": 1565344536134}
{"bids": [[11736.83, 4.76749674], [11736.4, 2.24134125], [11734.27, 45.945], [11734.0, 1.2639], [11733.62, 4.0], [11729.94, 0.803]], "asks": [[11736.84, 0.19098299], [11749.09, 1.0], [11749.6, 2.0], [11750.69, 2.0], [11752.29, 0.59966618], [11756.37, 2.0], [11763.24, 0.456], [11770.43, 10.0]], "ts": 1565344536135}
{"bids": [[11736.83, 4.76749674], [11736.4, 2.17384451], [11734.27, 45.945], [11734.0, 1.2639], [11733.62, 4.0], [11729.94, 0.803]], "asks": [[11736.84, 0.19098299], [11749.09, 1.0], [11749.6, 2.0], [11750.69, 2.0], [11752.29, 0.59966618], [11756.37, 2.0], [11763.24, 0.456], [11770.43, 10.0]], "ts": 1565344536141}
{"bids": [[11736.83, 4.76749674], [11736.4, 2.17384451], [11734.27, 2.145], [11734.0, 1.2639], [11733.62, 4.0], [11729.94, 0.803]], "asks": [[11736.84, 0.19098299], [11749.09, 1.0], [11749.6, 2.0], [11750.69, 2.0], [11752.29, 0.59966618], [11756.37, 2.0], [11763.24, 0.456], [11770.43, 10.0]], "ts": 1565344536142}
{"bids": [[11736.83, 4.83499132], [11736.4, 2.17384451], [11734.27, 2.145], [11734.0, 1.2639], [11733.62, 4.0], [11729.94, 0.803]], "asks": [[11736.84, 0.19098299], [11749.09, 1.0], [11749.6, 2.0], [11750.69, 2.0], [11752.29, 0.59966618], [11756.37, 2.0], [11763.24, 0.456], [11770.43, 10.0]], "ts": 1565344536142}
{"bids": [[11736.83, 4.83499132], [11736.4, 2.17384451], [11734.27, 2.145], [11734.0, 1.2639], [11733.62, 4.0], [11729.94, 0.803]], "asks": [[11736.84, 0.19098299], [11749.09, 1.0], [11749.6, 2.0], [11750.69, 2.0], [11756.37, 2.0], [11763.24, 0.456], [11770.43, 10.0]], "ts": 1565344536143}
{"bids": [[11736.83, 4.83499132], [11736.4, 2.10634993], [11734.27, 2.145], [11734.0, 1.2639], [11733.62, 4.0], [11729.94, 0.803]], "asks": [[11736.84, 0.19098299], [11749.09, 1.0], [11749.6, 2.0], [11750.69, 2.0], [11756.37, 2.0], [11763.24, 0.456], [11770.43, 10.0]], "ts": 1565344536144}
{"bids": [[11736.83, 4.83499132], [11736.4, 2.10634993], [11734.27, 2.145], [11734.0, 1.2639], [11733.62, 4.0], [11729.94, 0.803]], "asks": [[11736.84, 0.19098299], [11749.09, 1.0], [11749.6, 2.0], [11750.69, 2.0], [11756.21, 4.0], [11756.37, 2.0], [11763.24, 0.456], [11770.43, 10.0]], "ts": 1565344536144}
{"bids": [[11736.83, 6.83499132], [11736.4, 2.10634993], [11734.27, 2.145], [11734.0, 1.2639], [11733.62, 4.0], [11729.94, 0.803]], "asks": [[11736.84, 0.19098299], [11749.09, 1.0], [11749.6, 2.0], [11750.69, 2.0], [11756.21, 4.0], [11756.37, 2.0], [11763.24, 0.456], [11770.43, 10.0]], "ts": 1565344536145}
{"bids": [[11736.83, 6.83499132], [11736.4, 2.10634993], [11734.27, 2.145], [11734.0, 1.2639], [11733.62, 4.0], [11729.94, 0.803]], "asks": [[11736.84, 0.19098299], [11749.09, 1.0], [11749.6, 2.0], [11750.69, 2.0], [11754.78, 0.59966618], [11756.21, 4.0], [11756.37, 2.0], [11763.24, 0.456], [11770.43, 10.0]], "ts": 1565344536145}
{"bids": [[11736.83, 6.83499132], [11736.4, 2.10634993], [11734.27, 2.0], [11734.0, 1.2639], [11733.62, 4.0], [11729.94, 0.803]], "asks": [[11736.84, 0.19098299], [11749.09, 1.0], [11749.6, 2.0], [11750.69, 2.0], [11754.78, 0.59966618], [11756.21, 4.0], [11756.37, 2.0], [11763.24, 0.456], [11770.43, 10.0]], "ts": 1565344536146}
{"bids": [[11736.83, 6.83499132], [11736.4, 2.10634993], [11734.27, 2.0], [11734.0, 1.2639], [11733.62, 4.0], [11729.94, 0.803]], "asks": [[11736.84, 0.19098299], [11749.09, 1.0], [11749.6, 2.0], [11754.78, 0.59966618], [11756.21, 4.0], [11756.37, 2.0], [11763.24, 0.456], [11770.43, 10.0]], "ts": 1565344536146}
{"bids": [[11736.83, 6.83499132], [11736.4, 2.10634993], [11734.27, 2.0], [11734.0, 1.2639], [11733.62, 4.0], [11729.94, 0.803]], "asks": [[11736.84, 0.19098299], [11749.09, 1.0], [11749.6, 2.0], [11754.78, 0.59966618], [11756.21, 4.0], [11756.37, 2.0], [11763.24, 0.456], [11770.43, 10.0]], "ts": 1565344536147}
{"bids": [[11736.83, 6.83499132], [11736.4, 2.10634993], [11734.27, 2.0], [11734.0, 1.2639], [11733.62, 4.0], [11729.94, 0.803]], "asks": [[11736.84, 0.19098299], [11749.09, 1.0], [11749.6, 2.0], [11754.78, 0.59966618], [11756.21, 4.0], [11756.37, 2.0], [11761.85, 10.0], [11763.24, 0.456], [11770.43, 10.0]], "ts": 1565344536148}
{"bids": [[11736.83, 6.83499132], [11736.4, 2.10634993], [11734.27, 2.0], [11734.0, 1.2639], [11733.62, 4.0], [11729.94, 0.803]], "asks": [[11749.09, 1.0], [11749.6, 2.0], [11754.78, 0.59966618], [11756.21, 4.0], [11756.37, 2.0], [11761.85, 10.0], [11763.24, 0.456], [11770.43, 10.0]], "ts": 1565344536148}
{"bids": [[11736.83, 6.76749458], [11736.4, 2.10634993], [11734.27, 2.0], [11734.0, 1.2639], [11733.62, 4.0], [11729.94, 0.803]], "asks": [[11749.09, 1.0], [11749.6, 2.0], [11754.78, 0.59966618], [11756.21, 4.0], [11756.37, 2.0], [11761.85, 10.0], [11763.24, 0.456], [11770.43, 10.0]], "ts": 1565344536149}
{"bids": [[11736.83, 6.7], [11736.4, 2.10634993], [11734.27, 2.0], [11734.0, 1.2639], [11733.62, 4.0], [11729.94, 0.803]], "asks": [[11749.09, 1.0], [11749.6, 2.0], [11754.78, 0.59966618], [11756.21, 4.0], [11756.37, 2.0], [11761.85, 10.0], [11763.24, 0.456], [11770.43, 10.0]], "ts": 1565344536149}
